%YAML 1.1
%TAG !u! tag:unity3d.com,2011:
--- !u!1 &1752249170
GameObject:
  m_ObjectHideFlags: 0
  m_CorrespondingSourceObject: {fileID: 0}
  m_PrefabInstance: {fileID: 0}
  m_PrefabAsset: {fileID: 0}
  serializedVersion: 6
  m_Component:
  - component: {fileID: 1752249171}
  m_Layer: 13
  m_Name: PosCreateBullet
  m_TagString: Untagged
  m_Icon: {fileID: 0}
  m_NavMeshLayer: 0
  m_StaticEditorFlags: 0
  m_IsActive: 1
--- !u!4 &1752249171
Transform:
  m_ObjectHideFlags: 0
  m_CorrespondingSourceObject: {fileID: 0}
  m_PrefabInstance: {fileID: 0}
  m_PrefabAsset: {fileID: 0}
  m_GameObject: {fileID: 1752249170}
  m_LocalRotation: {x: 0, y: 0, z: 0, w: 1}
  m_LocalPosition: {x: 0, y: 0.3, z: 0.2}
  m_LocalScale: {x: 1, y: 1, z: 1}
  m_Children: []
  m_Father: {fileID: 8623949552431246084}
  m_RootOrder: 8
  m_LocalEulerAnglesHint: {x: 0, y: 0, z: 0}
--- !u!1 &8623949552431019776
GameObject:
  m_ObjectHideFlags: 0
  m_CorrespondingSourceObject: {fileID: 0}
  m_PrefabInstance: {fileID: 0}
  m_PrefabAsset: {fileID: 0}
  serializedVersion: 6
  m_Component:
  - component: {fileID: 8623949552431246112}
  - component: {fileID: 2489831535816359060}
  - component: {fileID: 2318619768291919786}
  m_Layer: 13
  m_Name: Bone015
  m_TagString: Untagged
  m_Icon: {fileID: 0}
  m_NavMeshLayer: 0
  m_StaticEditorFlags: 0
  m_IsActive: 1
--- !u!4 &8623949552431246112
Transform:
  m_ObjectHideFlags: 0
  m_CorrespondingSourceObject: {fileID: 0}
  m_PrefabInstance: {fileID: 0}
  m_PrefabAsset: {fileID: 0}
  m_GameObject: {fileID: 8623949552431019776}
  m_LocalRotation: {x: 0.00000024167815, y: -0.00000008940697, z: -0.000000012107172,
    w: 1}
  m_LocalPosition: {x: -0.112139925, y: 0, z: -0.000000057220458}
  m_LocalScale: {x: 1, y: 1.0000002, z: 1.0000002}
  m_Children: []
  m_Father: {fileID: 8623949552431246116}
  m_RootOrder: 0
  m_LocalEulerAnglesHint: {x: 0.00002708444, y: -0.000009162368, z: -0.0000016870569}
--- !u!114 &2489831535816359060
MonoBehaviour:
  m_ObjectHideFlags: 0
  m_CorrespondingSourceObject: {fileID: 0}
  m_PrefabInstance: {fileID: 0}
  m_PrefabAsset: {fileID: 0}
  m_GameObject: {fileID: 8623949552431019776}
  m_Enabled: 1
  m_EditorHideFlags: 0
  m_Script: {fileID: 11500000, guid: 58918606b2f094545974f4d450f1a2de, type: 3}
  m_Name: 
  m_EditorClassIdentifier: 
  InGround: 0
--- !u!65 &2318619768291919786
BoxCollider:
  m_ObjectHideFlags: 0
  m_CorrespondingSourceObject: {fileID: 0}
  m_PrefabInstance: {fileID: 0}
  m_PrefabAsset: {fileID: 0}
  m_GameObject: {fileID: 8623949552431019776}
  m_Material: {fileID: 0}
  m_IsTrigger: 1
  m_Enabled: 1
  serializedVersion: 2
  m_Size: {x: 0.34, y: 0.05, z: 0.05}
  m_Center: {x: 0.14, y: 0, z: 0}
--- !u!1 &8623949552431019778
GameObject:
  m_ObjectHideFlags: 0
  m_CorrespondingSourceObject: {fileID: 0}
  m_PrefabInstance: {fileID: 0}
  m_PrefabAsset: {fileID: 0}
  serializedVersion: 6
  m_Component:
  - component: {fileID: 8623949552431246114}
  m_Layer: 13
  m_Name: Bone016
  m_TagString: Untagged
  m_Icon: {fileID: 0}
  m_NavMeshLayer: 0
  m_StaticEditorFlags: 0
  m_IsActive: 1
--- !u!4 &8623949552431246114
Transform:
  m_ObjectHideFlags: 0
  m_CorrespondingSourceObject: {fileID: 0}
  m_PrefabInstance: {fileID: 0}
  m_PrefabAsset: {fileID: 0}
  m_GameObject: {fileID: 8623949552431019778}
  m_LocalRotation: {x: -0.12989907, y: 0.11818834, z: 0.7275964, w: 0.66314495}
  m_LocalPosition: {x: 0.00040003777, y: -0.019461956, z: 0.12381389}
  m_LocalScale: {x: 0.99999994, y: 1, z: 1}
  m_Children:
  - {fileID: 8623949552431246126}
  m_Father: {fileID: 8623949552431246132}
  m_RootOrder: 3
  m_LocalEulerAnglesHint: {x: -23.857635, y: -3.175428, z: 79.349724}
--- !u!1 &8623949552431019780
GameObject:
  m_ObjectHideFlags: 0
  m_CorrespondingSourceObject: {fileID: 0}
  m_PrefabInstance: {fileID: 0}
  m_PrefabAsset: {fileID: 0}
  serializedVersion: 6
  m_Component:
  - component: {fileID: 8623949552431246116}
  m_Layer: 13
  m_Name: Bone011(mirrored)
  m_TagString: Untagged
  m_Icon: {fileID: 0}
  m_NavMeshLayer: 0
  m_StaticEditorFlags: 0
  m_IsActive: 1
--- !u!4 &8623949552431246116
Transform:
  m_ObjectHideFlags: 0
  m_CorrespondingSourceObject: {fileID: 0}
  m_PrefabInstance: {fileID: 0}
  m_PrefabAsset: {fileID: 0}
  m_GameObject: {fileID: 8623949552431019780}
  m_LocalRotation: {x: 0.18204942, y: -0.034707423, z: 0.21442655, w: 0.9589967}
  m_LocalPosition: {x: -0.1330666, y: 0.0000000667572, z: -0.000000076293944}
  m_LocalScale: {x: 1, y: 1, z: 1.0000001}
  m_Children:
  - {fileID: 8623949552431246112}
  m_Father: {fileID: 8623949552431246136}
  m_RootOrder: 0
  m_LocalEulerAnglesHint: {x: 7.7577972, y: 26.064888, z: 120.089325}
--- !u!1 &8623949552431019782
GameObject:
  m_ObjectHideFlags: 0
  m_CorrespondingSourceObject: {fileID: 0}
  m_PrefabInstance: {fileID: 0}
  m_PrefabAsset: {fileID: 0}
  serializedVersion: 6
  m_Component:
  - component: {fileID: 8623949552431246118}
  m_Layer: 13
  m_Name: Bone014
  m_TagString: Untagged
  m_Icon: {fileID: 0}
  m_NavMeshLayer: 0
  m_StaticEditorFlags: 0
  m_IsActive: 1
--- !u!4 &8623949552431246118
Transform:
  m_ObjectHideFlags: 0
  m_CorrespondingSourceObject: {fileID: 0}
  m_PrefabInstance: {fileID: 0}
  m_PrefabAsset: {fileID: 0}
  m_GameObject: {fileID: 8623949552431019782}
  m_LocalRotation: {x: 0.00000031804663, y: -0.00000002980228, z: 0.00000011315568,
    w: 1}
  m_LocalPosition: {x: -0.11213995, y: -0.000000057220458, z: 0.000000038146972}
  m_LocalScale: {x: 1.0000002, y: 0.99999994, z: 0.9999998}
  m_Children: []
  m_Father: {fileID: 8623949552431246138}
  m_RootOrder: 0
  m_LocalEulerAnglesHint: {x: 0.000037725873, y: -0.000004152745, z: 0.00001247159}
--- !u!1 &8623949552431019784
GameObject:
  m_ObjectHideFlags: 0
  m_CorrespondingSourceObject: {fileID: 0}
  m_PrefabInstance: {fileID: 0}
  m_PrefabAsset: {fileID: 0}
  serializedVersion: 6
  m_Component:
  - component: {fileID: 8623949552431246120}
  m_Layer: 13
  m_Name: Bone017(mirrored)
  m_TagString: Untagged
  m_Icon: {fileID: 0}
  m_NavMeshLayer: 0
  m_StaticEditorFlags: 0
  m_IsActive: 1
--- !u!4 &8623949552431246120
Transform:
  m_ObjectHideFlags: 0
  m_CorrespondingSourceObject: {fileID: 0}
  m_PrefabInstance: {fileID: 0}
  m_PrefabAsset: {fileID: 0}
  m_GameObject: {fileID: 8623949552431019784}
  m_LocalRotation: {x: 0.795133, y: -0.33323917, z: 0.23416376, w: -0.44931334}
  m_LocalPosition: {x: -0.08427339, y: 0.000000009536743, z: -0.000000038146972}
  m_LocalScale: {x: 1, y: 1.0000001, z: 1.0000002}
  m_Children:
  - {fileID: 8623949552431246100}
  m_Father: {fileID: 8623949552431246124}
  m_RootOrder: 0
  m_LocalEulerAnglesHint: {x: -9.025537, y: 119.463776, z: -101.33227}
--- !u!1 &8623949552431019786
GameObject:
  m_ObjectHideFlags: 0
  m_CorrespondingSourceObject: {fileID: 0}
  m_PrefabInstance: {fileID: 0}
  m_PrefabAsset: {fileID: 0}
  serializedVersion: 6
  m_Component:
  - component: {fileID: 8623949552431246122}
  m_Layer: 13
  m_Name: Bone018
  m_TagString: Untagged
  m_Icon: {fileID: 0}
  m_NavMeshLayer: 0
  m_StaticEditorFlags: 0
  m_IsActive: 1
--- !u!4 &8623949552431246122
Transform:
  m_ObjectHideFlags: 0
  m_CorrespondingSourceObject: {fileID: 0}
  m_PrefabInstance: {fileID: 0}
  m_PrefabAsset: {fileID: 0}
  m_GameObject: {fileID: 8623949552431019786}
  m_LocalRotation: {x: -0.14143506, y: 0.036970172, z: -0.78460664, w: 0.6025129}
  m_LocalPosition: {x: -0.093369514, y: 0.000000038146972, z: -0.000000038146972}
  m_LocalScale: {x: 1, y: 1, z: 1}
  m_Children:
  - {fileID: 8623949552431246090}
  m_Father: {fileID: 8623949552431246126}
  m_RootOrder: 0
  m_LocalEulerAnglesHint: {x: 2.0717015, y: 9.091256, z: -139.59514}
--- !u!1 &8623949552431019788
GameObject:
  m_ObjectHideFlags: 0
  m_CorrespondingSourceObject: {fileID: 0}
  m_PrefabInstance: {fileID: 0}
  m_PrefabAsset: {fileID: 0}
  serializedVersion: 6
  m_Component:
  - component: {fileID: 8623949552431246124}
  m_Layer: 13
  m_Name: Bone016(mirrored)
  m_TagString: Untagged
  m_Icon: {fileID: 0}
  m_NavMeshLayer: 0
  m_StaticEditorFlags: 0
  m_IsActive: 1
--- !u!4 &8623949552431246124
Transform:
  m_ObjectHideFlags: 0
  m_CorrespondingSourceObject: {fileID: 0}
  m_PrefabInstance: {fileID: 0}
  m_PrefabAsset: {fileID: 0}
  m_GameObject: {fileID: 8623949552431019788}
  m_LocalRotation: {x: 0.6631517, y: 0.72757286, z: 0.11835199, w: -0.12984785}
  m_LocalPosition: {x: 0.00040006638, y: -0.019462014, z: -0.109646015}
  m_LocalScale: {x: 0.99999994, y: 1.0000001, z: 1}
  m_Children:
  - {fileID: 8623949552431246120}
  m_Father: {fileID: 8623949552431246132}
  m_RootOrder: 4
  m_LocalEulerAnglesHint: {x: -23.867464, y: -176.84337, z: 100.65668}
--- !u!1 &8623949552431019790
GameObject:
  m_ObjectHideFlags: 0
  m_CorrespondingSourceObject: {fileID: 0}
  m_PrefabInstance: {fileID: 0}
  m_PrefabAsset: {fileID: 0}
  serializedVersion: 6
  m_Component:
  - component: {fileID: 8623949552431246126}
  m_Layer: 13
  m_Name: Bone017
  m_TagString: Untagged
  m_Icon: {fileID: 0}
  m_NavMeshLayer: 0
  m_StaticEditorFlags: 0
  m_IsActive: 1
--- !u!4 &8623949552431246126
Transform:
  m_ObjectHideFlags: 0
  m_CorrespondingSourceObject: {fileID: 0}
  m_PrefabInstance: {fileID: 0}
  m_PrefabAsset: {fileID: 0}
  m_GameObject: {fileID: 8623949552431019790}
  m_LocalRotation: {x: 0.018400721, y: -0.031751323, z: 0.40604556, w: 0.91311574}
  m_LocalPosition: {x: -0.08427376, y: -0.000000028610229, z: 0.000000019073486}
  m_LocalScale: {x: 1, y: 1, z: 1}
  m_Children:
  - {fileID: 8623949552431246122}
  m_Father: {fileID: 8623949552431246114}
  m_RootOrder: 0
  m_LocalEulerAnglesHint: {x: 5.428965, y: -0.8318822, z: 76.59042}
--- !u!1 &8623949552431019792
GameObject:
  m_ObjectHideFlags: 0
  m_CorrespondingSourceObject: {fileID: 0}
  m_PrefabInstance: {fileID: 0}
  m_PrefabAsset: {fileID: 0}
  serializedVersion: 6
  m_Component:
  - component: {fileID: 8623949552431246128}
  m_Layer: 13
  m_Name: Bone003
  m_TagString: Untagged
  m_Icon: {fileID: 0}
  m_NavMeshLayer: 0
  m_StaticEditorFlags: 0
  m_IsActive: 1
--- !u!4 &8623949552431246128
Transform:
  m_ObjectHideFlags: 0
  m_CorrespondingSourceObject: {fileID: 0}
  m_PrefabInstance: {fileID: 0}
  m_PrefabAsset: {fileID: 0}
  m_GameObject: {fileID: 8623949552431019792}
  m_LocalRotation: {x: -0.06648651, y: 0.12541275, z: 0.15071024, w: 0.9783341}
  m_LocalPosition: {x: -0.16777526, y: -0.000000019073486, z: -0.000000029543997}
  m_LocalScale: {x: 0.99999976, y: 0.99999976, z: 1}
  m_Children:
  - {fileID: 8623949552431246088}
  m_Father: {fileID: 8623949552431246134}
  m_RootOrder: 0
  m_LocalEulerAnglesHint: {x: 0.000004808566, y: -0.000008903453, z: 13.106758}
--- !u!1 &8623949552431019794
GameObject:
  m_ObjectHideFlags: 0
  m_CorrespondingSourceObject: {fileID: 0}
  m_PrefabInstance: {fileID: 0}
  m_PrefabAsset: {fileID: 0}
  serializedVersion: 6
  m_Component:
  - component: {fileID: 8623949552431246130}
  m_Layer: 13
  m_Name: Bone009
  m_TagString: Untagged
  m_Icon: {fileID: 0}
  m_NavMeshLayer: 0
  m_StaticEditorFlags: 0
  m_IsActive: 1
--- !u!4 &8623949552431246130
Transform:
  m_ObjectHideFlags: 0
  m_CorrespondingSourceObject: {fileID: 0}
  m_PrefabInstance: {fileID: 0}
  m_PrefabAsset: {fileID: 0}
  m_GameObject: {fileID: 8623949552431019794}
  m_LocalRotation: {x: -0.38721693, y: 0.247225, z: 0.748647, w: 0.47798598}
  m_LocalPosition: {x: -0.23101027, y: -0.0000001335144, z: -0.00000003814697}
  m_LocalScale: {x: 1, y: 1, z: 1}
  m_Children:
  - {fileID: 8623949552431246142}
  m_Father: {fileID: 8623949552431246132}
  m_RootOrder: 1
  m_LocalEulerAnglesHint: {x: -47.760128, y: -30.723005, z: 128.75548}
--- !u!1 &8623949552431019796
GameObject:
  m_ObjectHideFlags: 0
  m_CorrespondingSourceObject: {fileID: 0}
  m_PrefabInstance: {fileID: 0}
  m_PrefabAsset: {fileID: 0}
  serializedVersion: 6
  m_Component:
  - component: {fileID: 8623949552431246132}
  m_Layer: 13
  m_Name: Bone001
  m_TagString: Untagged
  m_Icon: {fileID: 0}
  m_NavMeshLayer: 0
  m_StaticEditorFlags: 0
  m_IsActive: 1
--- !u!4 &8623949552431246132
Transform:
  m_ObjectHideFlags: 0
  m_CorrespondingSourceObject: {fileID: 0}
  m_PrefabInstance: {fileID: 0}
  m_PrefabAsset: {fileID: 0}
  m_GameObject: {fileID: 8623949552431019796}
  m_LocalRotation: {x: -0.23710069, y: 0.6661706, z: -0.23710078, w: 0.66617054}
  m_LocalPosition: {x: -0.000000009478551, y: 0.17440291, z: -0.21684398}
  m_LocalScale: {x: 1, y: 1, z: 1}
  m_Children:
  - {fileID: 8623949552431246134}
  - {fileID: 8623949552431246130}
  - {fileID: 8623949552431246140}
  - {fileID: 8623949552431246114}
  - {fileID: 8623949552431246124}
  m_Father: {fileID: 8623949552431246084}
  m_RootOrder: 0
  m_LocalEulerAnglesHint: {x: 0.000015337231, y: 90, z: -15.322581}
--- !u!1 &8623949552431019798
GameObject:
  m_ObjectHideFlags: 0
  m_CorrespondingSourceObject: {fileID: 0}
  m_PrefabInstance: {fileID: 0}
  m_PrefabAsset: {fileID: 0}
  serializedVersion: 6
  m_Component:
  - component: {fileID: 8623949552431246134}
  m_Layer: 13
  m_Name: Bone002
  m_TagString: Untagged
  m_Icon: {fileID: 0}
  m_NavMeshLayer: 0
  m_StaticEditorFlags: 0
  m_IsActive: 1
--- !u!4 &8623949552431246134
Transform:
  m_ObjectHideFlags: 0
  m_CorrespondingSourceObject: {fileID: 0}
  m_PrefabInstance: {fileID: 0}
  m_PrefabAsset: {fileID: 0}
  m_GameObject: {fileID: 8623949552431019798}
  m_LocalRotation: {x: -0.06904592, y: 0.12940086, z: 0.15834278, w: 0.97643006}
  m_LocalPosition: {x: -0.23101032, y: -0.000000057220458, z: -0.000000017269635}
  m_LocalScale: {x: 1, y: 1, z: 1}
  m_Children:
  - {fileID: 8623949552431246128}
  m_Father: {fileID: 8623949552431246132}
  m_RootOrder: 0
  m_LocalEulerAnglesHint: {x: 1.0005973e-14, y: -7.624829e-15, z: 7.7229733}
--- !u!1 &8623949552431019800
GameObject:
  m_ObjectHideFlags: 0
  m_CorrespondingSourceObject: {fileID: 0}
  m_PrefabInstance: {fileID: 0}
  m_PrefabAsset: {fileID: 0}
  serializedVersion: 6
  m_Component:
  - component: {fileID: 8623949552431246136}
  m_Layer: 13
  m_Name: Bone010(mirrored)
  m_TagString: Untagged
  m_Icon: {fileID: 0}
  m_NavMeshLayer: 0
  m_StaticEditorFlags: 0
  m_IsActive: 1
--- !u!4 &8623949552431246136
Transform:
  m_ObjectHideFlags: 0
  m_CorrespondingSourceObject: {fileID: 0}
  m_PrefabInstance: {fileID: 0}
  m_PrefabAsset: {fileID: 0}
  m_GameObject: {fileID: 8623949552431019800}
  m_LocalRotation: {x: 0.36246443, y: -0.13856286, z: 0.1403693, w: 0.91088766}
  m_LocalPosition: {x: -0.23221233, y: 0.000000538826, z: 0}
  m_LocalScale: {x: 1, y: 0.9999998, z: 1.0000001}
  m_Children:
  - {fileID: 8623949552431246116}
  m_Father: {fileID: 8623949552431246140}
  m_RootOrder: 0
  m_LocalEulerAnglesHint: {x: 23.496586, y: 33.603767, z: -3.3235288}
--- !u!1 &8623949552431019802
GameObject:
  m_ObjectHideFlags: 0
  m_CorrespondingSourceObject: {fileID: 0}
  m_PrefabInstance: {fileID: 0}
  m_PrefabAsset: {fileID: 0}
  serializedVersion: 6
  m_Component:
  - component: {fileID: 8623949552431246138}
  m_Layer: 13
  m_Name: Bone011
  m_TagString: Untagged
  m_Icon: {fileID: 0}
  m_NavMeshLayer: 0
  m_StaticEditorFlags: 0
  m_IsActive: 1
--- !u!4 &8623949552431246138
Transform:
  m_ObjectHideFlags: 0
  m_CorrespondingSourceObject: {fileID: 0}
  m_PrefabInstance: {fileID: 0}
  m_PrefabAsset: {fileID: 0}
  m_GameObject: {fileID: 8623949552431019802}
  m_LocalRotation: {x: -0.18204956, y: -0.034707442, z: -0.21442667, w: 0.95899665}
  m_LocalPosition: {x: -0.13306658, y: -0.000000028610229, z: -0.000000057220458}
  m_LocalScale: {x: 1, y: 1, z: 1}
  m_Children:
  - {fileID: 8623949552431246118}
  m_Father: {fileID: 8623949552431246142}
  m_RootOrder: 0
  m_LocalEulerAnglesHint: {x: -7.75784, y: 26.064919, z: -120.08935}
--- !u!1 &8623949552431019804
GameObject:
  m_ObjectHideFlags: 0
  m_CorrespondingSourceObject: {fileID: 0}
  m_PrefabInstance: {fileID: 0}
  m_PrefabAsset: {fileID: 0}
  serializedVersion: 6
  m_Component:
  - component: {fileID: 8623949552431246140}
  m_Layer: 13
  m_Name: Bone009(mirrored)
  m_TagString: Untagged
  m_Icon: {fileID: 0}
  m_NavMeshLayer: 0
  m_StaticEditorFlags: 0
  m_IsActive: 1
--- !u!4 &8623949552431246140
Transform:
  m_ObjectHideFlags: 0
  m_CorrespondingSourceObject: {fileID: 0}
  m_PrefabInstance: {fileID: 0}
  m_PrefabAsset: {fileID: 0}
  m_GameObject: {fileID: 8623949552431019804}
  m_LocalRotation: {x: 0.47798613, y: 0.748647, z: 0.24722497, w: -0.38721675}
  m_LocalPosition: {x: -0.23101027, y: -0.000000114440915, z: 4.5474734e-15}
  m_LocalScale: {x: 1.0000001, y: 1, z: 0.99999994}
  m_Children:
  - {fileID: 8623949552431246136}
  m_Father: {fileID: 8623949552431246132}
  m_RootOrder: 2
  m_LocalEulerAnglesHint: {x: -47.76012, y: -149.27702, z: 51.244545}
--- !u!1 &8623949552431019806
GameObject:
  m_ObjectHideFlags: 0
  m_CorrespondingSourceObject: {fileID: 0}
  m_PrefabInstance: {fileID: 0}
  m_PrefabAsset: {fileID: 0}
  serializedVersion: 6
  m_Component:
  - component: {fileID: 8623949552431246142}
  m_Layer: 13
  m_Name: Bone010
  m_TagString: Untagged
  m_Icon: {fileID: 0}
  m_NavMeshLayer: 0
  m_StaticEditorFlags: 0
  m_IsActive: 1
--- !u!4 &8623949552431246142
Transform:
  m_ObjectHideFlags: 0
  m_CorrespondingSourceObject: {fileID: 0}
  m_PrefabInstance: {fileID: 0}
  m_PrefabAsset: {fileID: 0}
  m_GameObject: {fileID: 8623949552431019806}
  m_LocalRotation: {x: -0.36246437, y: -0.13856286, z: -0.14036903, w: 0.9108878}
  m_LocalPosition: {x: -0.23221236, y: -0.00000049114226, z: -0.000000038146972}
  m_LocalScale: {x: 1, y: 1, z: 1}
  m_Children:
  - {fileID: 8623949552431246138}
  m_Father: {fileID: 8623949552431246130}
  m_RootOrder: 0
  m_LocalEulerAnglesHint: {x: -23.496544, y: 33.603783, z: 3.323594}
--- !u!1 &8623949552431019860
GameObject:
  m_ObjectHideFlags: 0
  m_CorrespondingSourceObject: {fileID: 0}
  m_PrefabInstance: {fileID: 0}
  m_PrefabAsset: {fileID: 0}
  serializedVersion: 6
  m_Component:
  - component: {fileID: 8623949552431246196}
  m_Layer: 13
  m_Name: Top_Bone020
  m_TagString: Untagged
  m_Icon: {fileID: 0}
  m_NavMeshLayer: 0
  m_StaticEditorFlags: 0
  m_IsActive: 1
--- !u!4 &8623949552431246196
Transform:
  m_ObjectHideFlags: 0
  m_CorrespondingSourceObject: {fileID: 0}
  m_PrefabInstance: {fileID: 0}
  m_PrefabAsset: {fileID: 0}
  m_GameObject: {fileID: 8623949552431019860}
  m_LocalRotation: {x: 0.0000000037252874, y: -0.000000051222745, z: -0.000000058207664,
    w: 1}
  m_LocalPosition: {x: -0.12674105, y: 0.000000076293944, z: -0.000000010728836}
  m_LocalScale: {x: 0.99999994, y: 1.0000001, z: 1.0000001}
  m_Children: []
  m_Father: {fileID: 8623949552431246100}
  m_RootOrder: 0
  m_LocalEulerAnglesHint: {x: 0.0000005190934, y: -0.0000071375466, z: -0.000008110851}
--- !u!1 &8623949552431019872
GameObject:
  m_ObjectHideFlags: 0
  m_CorrespondingSourceObject: {fileID: 0}
  m_PrefabInstance: {fileID: 0}
  m_PrefabAsset: {fileID: 0}
  serializedVersion: 6
  m_Component:
  - component: {fileID: 8623949552431246080}
  m_Layer: 13
  m_Name: Rectangle001
  m_TagString: Untagged
  m_Icon: {fileID: 0}
  m_NavMeshLayer: 0
  m_StaticEditorFlags: 0
  m_IsActive: 1
--- !u!4 &8623949552431246080
Transform:
  m_ObjectHideFlags: 0
  m_CorrespondingSourceObject: {fileID: 0}
  m_PrefabInstance: {fileID: 0}
  m_PrefabAsset: {fileID: 0}
  m_GameObject: {fileID: 8623949552431019872}
  m_LocalRotation: {x: -0.7071068, y: 0, z: -0, w: 0.7071068}
  m_LocalPosition: {x: -0.15884124, y: 0, z: -0.07263832}
  m_LocalScale: {x: 1, y: 1, z: 1}
  m_Children:
  - {fileID: 8623949552431246106}
  m_Father: {fileID: 8623949552431246084}
  m_RootOrder: 3
  m_LocalEulerAnglesHint: {x: -90, y: 0, z: 0}
--- !u!1 &8623949552431019874
GameObject:
  m_ObjectHideFlags: 0
  m_CorrespondingSourceObject: {fileID: 0}
  m_PrefabInstance: {fileID: 0}
  m_PrefabAsset: {fileID: 0}
  serializedVersion: 6
  m_Component:
  - component: {fileID: 8623949552431246082}
  m_Layer: 13
  m_Name: Rectangle002
  m_TagString: Untagged
  m_Icon: {fileID: 0}
  m_NavMeshLayer: 0
  m_StaticEditorFlags: 0
  m_IsActive: 1
--- !u!4 &8623949552431246082
Transform:
  m_ObjectHideFlags: 0
  m_CorrespondingSourceObject: {fileID: 0}
  m_PrefabInstance: {fileID: 0}
  m_PrefabAsset: {fileID: 0}
  m_GameObject: {fileID: 8623949552431019874}
  m_LocalRotation: {x: -0.7071068, y: 0, z: -0, w: 0.7071068}
  m_LocalPosition: {x: 0.16139919, y: 0, z: -0.073263995}
  m_LocalScale: {x: 1, y: 1, z: 1}
  m_Children:
  - {fileID: 8623949552431246110}
  m_Father: {fileID: 8623949552431246084}
  m_RootOrder: 4
  m_LocalEulerAnglesHint: {x: -90, y: 0, z: 0}
--- !u!1 &8623949552431019876
GameObject:
  m_ObjectHideFlags: 0
  m_CorrespondingSourceObject: {fileID: 0}
  m_PrefabInstance: {fileID: 0}
  m_PrefabAsset: {fileID: 0}
  serializedVersion: 6
  m_Component:
  - component: {fileID: 8623949552431246084}
  - component: {fileID: 8623949552423748820}
  - component: {fileID: 6719552806345891911}
  - component: {fileID: 6719552806345891910}
  - component: {fileID: 6156449517861461323}
  - component: {fileID: 5719562137424314435}
  - component: {fileID: 6156449518409585607}
  - component: {fileID: 6156449518409585604}
  - component: {fileID: 6156449518409585605}
  - component: {fileID: 554377790163517674}
  - component: {fileID: 2452493531525073225}
  - component: {fileID: 814446299619890656}
  - component: {fileID: 6915907433229689909}
  m_Layer: 13
  m_Name: BossEchXanh
  m_TagString: Monster
  m_Icon: {fileID: 0}
  m_NavMeshLayer: 0
  m_StaticEditorFlags: 0
  m_IsActive: 1
--- !u!4 &8623949552431246084
Transform:
  m_ObjectHideFlags: 0
  m_CorrespondingSourceObject: {fileID: 0}
  m_PrefabInstance: {fileID: 0}
  m_PrefabAsset: {fileID: 0}
  m_GameObject: {fileID: 8623949552431019876}
  m_LocalRotation: {x: 0, y: 1, z: 0, w: 0}
  m_LocalPosition: {x: -2, y: 1, z: 13.15}
  m_LocalScale: {x: 3, y: 3, z: 3}
  m_Children:
  - {fileID: 8623949552431246132}
  - {fileID: 8623949552431246102}
  - {fileID: 8623949552431246086}
  - {fileID: 8623949552431246080}
  - {fileID: 8623949552431246082}
  - {fileID: 8623949552431246092}
  - {fileID: 8623949552431246094}
  - {fileID: 2814146411582039370}
  - {fileID: 1752249171}
  m_Father: {fileID: 0}
  m_RootOrder: 0
  m_LocalEulerAnglesHint: {x: 0, y: 180, z: 0}
--- !u!95 &8623949552423748820
Animator:
  serializedVersion: 3
  m_ObjectHideFlags: 0
  m_CorrespondingSourceObject: {fileID: 0}
  m_PrefabInstance: {fileID: 0}
  m_PrefabAsset: {fileID: 0}
  m_GameObject: {fileID: 8623949552431019876}
  m_Enabled: 1
  m_Avatar: {fileID: 9000000, guid: 1e0789d8eb2789d41b42e743d68d11cd, type: 3}
  m_Controller: {fileID: 9100000, guid: 561c2c33b254f0b4c91582f391a6825b, type: 2}
  m_CullingMode: 1
  m_UpdateMode: 0
  m_ApplyRootMotion: 0
  m_LinearVelocityBlending: 0
  m_WarningMessage: 
  m_HasTransformHierarchy: 1
  m_AllowConstantClipSamplingOptimization: 1
  m_KeepAnimatorControllerStateOnDisable: 0
--- !u!54 &6719552806345891911
Rigidbody:
  m_ObjectHideFlags: 0
  m_CorrespondingSourceObject: {fileID: 0}
  m_PrefabInstance: {fileID: 0}
  m_PrefabAsset: {fileID: 0}
  m_GameObject: {fileID: 8623949552431019876}
  serializedVersion: 2
  m_Mass: 1
  m_Drag: 0
  m_AngularDrag: 0.05
  m_UseGravity: 1
  m_IsKinematic: 0
  m_Interpolate: 0
  m_Constraints: 112
  m_CollisionDetection: 0
--- !u!136 &6719552806345891910
CapsuleCollider:
  m_ObjectHideFlags: 0
  m_CorrespondingSourceObject: {fileID: 0}
  m_PrefabInstance: {fileID: 0}
  m_PrefabAsset: {fileID: 0}
  m_GameObject: {fileID: 8623949552431019876}
  m_Material: {fileID: 0}
  m_IsTrigger: 0
  m_Enabled: 1
  m_Radius: 0.3
  m_Height: 1.5
  m_Direction: 1
  m_Center: {x: 0, y: 0.7, z: 0}
--- !u!195 &6156449517861461323
NavMeshAgent:
  m_ObjectHideFlags: 0
  m_CorrespondingSourceObject: {fileID: 0}
  m_PrefabInstance: {fileID: 0}
  m_PrefabAsset: {fileID: 0}
  m_GameObject: {fileID: 8623949552431019876}
  m_Enabled: 0
  m_AgentTypeID: 0
  m_Radius: 0.5
  m_Speed: 3.5
  m_Acceleration: 8
  avoidancePriority: 50
  m_AngularSpeed: 120
  m_StoppingDistance: 0
  m_AutoTraverseOffMeshLink: 1
  m_AutoBraking: 1
  m_AutoRepath: 1
  m_Height: 2
  m_BaseOffset: 0
  m_WalkableMask: 4294967295
  m_ObstacleAvoidanceType: 4
--- !u!114 &5719562137424314435
MonoBehaviour:
  m_ObjectHideFlags: 0
  m_CorrespondingSourceObject: {fileID: 0}
  m_PrefabInstance: {fileID: 0}
  m_PrefabAsset: {fileID: 0}
  m_GameObject: {fileID: 8623949552431019876}
  m_Enabled: 1
  m_EditorHideFlags: 0
  m_Script: {fileID: 11500000, guid: 522a177cafade7f44b8f68114d39d0f6, type: 3}
  m_Name: 
  m_EditorClassIdentifier: 
  nameMonster: 
  id: 0
  basicHP: 0
  basicATKDamge: 0
  basicMS: 0
  basicASMeeleUnit: 0
  basicASRangeUnit: 0
  basicCoolDownMin: 0
  basicCoolDownMax: 0
  raceType: 0
  atkType: 0
  heartDropRate: 0
  heartNumberMin: 0
  heartNumberMax: 0
  goldNumberMin: 0
  goldNumberMax: 0
  offSetSelectionTop: {x: 0, y: 0, z: 0}
  offSetSelectionScaleFoot: {x: 0, y: 0, z: 0}
  offSetSelectionScaleFX: {x: 0, y: 0, z: 0}
  _monsterAsset: {fileID: 0}
  _currentHP: 100
  _currentSpeedMove: 2
  _currentATKDamage: 30
  _currentASMeeleUnit: 1.5
  _currentASRangeUnit: 1.5
  _currentCoolDownMax: 0
  _currentCoolDownMin: 0
  _isTrap: 0
  imgHealtBar: {fileID: 445083535520116688}
  imgDamageBar: {fileID: 0}
  healtBar: {fileID: 2814146411582039366}
  hPBar: {fileID: 0}
  isBoss: 0
  EffectDamageType: 0
  isHopQua: 0
--- !u!114 &6156449518409585607
MonoBehaviour:
  m_ObjectHideFlags: 0
  m_CorrespondingSourceObject: {fileID: 0}
  m_PrefabInstance: {fileID: 0}
  m_PrefabAsset: {fileID: 0}
  m_GameObject: {fileID: 8623949552431019876}
  m_Enabled: 1
  m_EditorHideFlags: 0
  m_Script: {fileID: 11500000, guid: 9bd21ec32af39ea4193b189a726599c4, type: 3}
  m_Name: 
  m_EditorClassIdentifier: 
  isAttack: 1
  ShotType: 0
  TimeDelay: 1
  AllowMoveWhenSkilling: 0
  BulletType: 0
  FollowPlayer: 0
  NumberBullet: 0
  Angle: 0
  OffsetAngle: 0
  bullet: {fileID: 0}
  PosBullet: {fileID: 0}
  MyControl: {fileID: 0}
  PlayerObj: {fileID: 0}
  Amin: {fileID: 0}
  _myDetail: {fileID: 0}
  _skilling: 0
  _timelive: 0
  _currentTimeCoolDown: 0
  _conditionInGround: 0
  _freeSkillNumber: 0
  skillRandom: 0
--- !u!114 &6156449518409585604
MonoBehaviour:
  m_ObjectHideFlags: 0
  m_CorrespondingSourceObject: {fileID: 0}
  m_PrefabInstance: {fileID: 0}
  m_PrefabAsset: {fileID: 0}
  m_GameObject: {fileID: 8623949552431019876}
  m_Enabled: 1
  m_EditorHideFlags: 0
  m_Script: {fileID: 11500000, guid: f41eb36858e34a8408b734084b80a3a4, type: 3}
  m_Name: 
  m_EditorClassIdentifier: 
  FollowPlayer: 0
  CheckAtk: 0
  CheckDie: 0
  TimeStartATK: 0
  _player: {fileID: 0}
  _myDetail: {fileID: 0}
  isPoision: 0
  isIce: 0
  isBlast: 0
  isCold: 0
  Mesh: {fileID: 8623949552427907604}
  ShadowMesh: {fileID: 8623949552427907604}
  _amin: {fileID: 0}
  material: {fileID: 0}
  textureOld: {fileID: 0}
  textureHit: {fileID: 2800000, guid: 4757b8472c605a045a657ac064a1507b, type: 3}
  textureIce: {fileID: 2800000, guid: a1a49abe0896b1c46b2e3620ffb30140, type: 3}
  Hit: 0
  _timeCoolDownMaxDefault: 0
  _timeCoolDownMinDefault: 0
--- !u!114 &6156449518409585605
MonoBehaviour:
  m_ObjectHideFlags: 0
  m_CorrespondingSourceObject: {fileID: 0}
  m_PrefabInstance: {fileID: 0}
  m_PrefabAsset: {fileID: 0}
  m_GameObject: {fileID: 8623949552431019876}
  m_Enabled: 1
  m_EditorHideFlags: 0
  m_Script: {fileID: 11500000, guid: 3ec8d7667a74c2341b0c9657aea4ffcb, type: 3}
  m_Name: 
  m_EditorClassIdentifier: 
  MoveType: 2
  JumpUp: 400
  MoveStep: 1
  UseIsRun: 0
  FollowPlayer: 0
  TimeRandomDir: 5
  DistancePlayer: 3
  UseAI: 0
  ObjCheckInGround: {fileID: 0}
--- !u!114 &554377790163517674
MonoBehaviour:
  m_ObjectHideFlags: 0
  m_CorrespondingSourceObject: {fileID: 0}
  m_PrefabInstance: {fileID: 0}
  m_PrefabAsset: {fileID: 0}
  m_GameObject: {fileID: 8623949552431019876}
  m_Enabled: 1
  m_EditorHideFlags: 0
  m_Script: {fileID: 11500000, guid: e4285db280934784795ab128fedf45e8, type: 3}
  m_Name: 
  m_EditorClassIdentifier: 
  Id: 27
  style: 6
  pos: {x: -2, y: 1, z: 13.15}
--- !u!114 &2452493531525073225
MonoBehaviour:
  m_ObjectHideFlags: 0
  m_CorrespondingSourceObject: {fileID: 0}
  m_PrefabInstance: {fileID: 0}
  m_PrefabAsset: {fileID: 0}
  m_GameObject: {fileID: 8623949552431019876}
  m_Enabled: 1
  m_EditorHideFlags: 0
  m_Script: {fileID: 11500000, guid: b6661afff8aaa0a498411f08eb080fd9, type: 3}
  m_Name: 
  m_EditorClassIdentifier: 
  StartAnimStr: PreAtk
  InAnimStr: Atk
  EndAnimStr: Idle
  TotalLoop: 0
  TimeOfStartAnim: 1
  TimeOfInAnim: 0.5
  TimeOfEndAnim: 0
  TimeCooldown: 2
  SkillPriority: 0
  SkillType: 0
  _skillTimeLive: 0
  _isReady: 1
  bullet: {fileID: 5249344680612592344, guid: 9692c109fa164f34182e81e222e94a71, type: 3}
  ShootType: 1
  NumberShoot: 10
  SpeedShoot: 0.1
  TimeMove: 2
  OffSetY: 0
  Auto: 1
  ARound: 0
  Distance: 0
  LookPlayer: 1
  Shoot: 0
  PosBullet: {fileID: 1752249171}
  Angle: 90
  RandomAngle: 1
  OffsetAngle: 0
  BulletType: 0
  ShootDown: 0
  speedBulletMove: 0.5
--- !u!114 &814446299619890656
MonoBehaviour:
  m_ObjectHideFlags: 0
  m_CorrespondingSourceObject: {fileID: 0}
  m_PrefabInstance: {fileID: 0}
  m_PrefabAsset: {fileID: 0}
  m_GameObject: {fileID: 8623949552431019876}
  m_Enabled: 1
  m_EditorHideFlags: 0
  m_Script: {fileID: 11500000, guid: b6661afff8aaa0a498411f08eb080fd9, type: 3}
  m_Name: 
  m_EditorClassIdentifier: 
  StartAnimStr: Idle
  InAnimStr: Atk
  EndAnimStr: Idle
  TotalLoop: 0
  TimeOfStartAnim: 1
  TimeOfInAnim: 0.5
  TimeOfEndAnim: 0
  TimeCooldown: 5
  SkillPriority: 0
  SkillType: 0
  _skillTimeLive: 0
  _isReady: 1
  bullet: {fileID: 5249344680612592344, guid: 9692c109fa164f34182e81e222e94a71, type: 3}
  ShootType: 4
  NumberShoot: 8
  SpeedShoot: 0
  TimeMove: 1
  OffSetY: 0
  Auto: 1
  ARound: 1
  Distance: 5
  LookPlayer: 1
  Shoot: 0
  PosBullet: {fileID: 1752249171}
  Angle: 360
  RandomAngle: 0
  OffsetAngle: 0
  BulletType: 0
  ShootDown: 0
  speedBulletMove: 0.5
--- !u!114 &6915907433229689909
MonoBehaviour:
  m_ObjectHideFlags: 0
  m_CorrespondingSourceObject: {fileID: 0}
  m_PrefabInstance: {fileID: 0}
  m_PrefabAsset: {fileID: 0}
  m_GameObject: {fileID: 8623949552431019876}
  m_Enabled: 1
  m_EditorHideFlags: 0
  m_Script: {fileID: 11500000, guid: b6661afff8aaa0a498411f08eb080fd9, type: 3}
  m_Name: 
  m_EditorClassIdentifier: 
  StartAnimStr: PreAtk
  InAnimStr: Atk
  EndAnimStr: Idle
  TotalLoop: 0
  TimeOfStartAnim: 1
  TimeOfInAnim: 0.5
  TimeOfEndAnim: 0
  TimeCooldown: 2
  SkillPriority: 0
  SkillType: 0
  _skillTimeLive: 0
  _isReady: 1
  bullet: {fileID: 440106232934243322, guid: 88e9fc6502a39ca4e85667ce0d94c184, type: 3}
  ShootType: 4
  NumberShoot: 1
  SpeedShoot: 0
  TimeMove: 0.5
  OffSetY: 0
  Auto: 1
  ARound: 0
  Distance: 0
  LookPlayer: 1
  Shoot: 0
  PosBullet: {fileID: 1752249171}
  Angle: 0
  RandomAngle: 0
  OffsetAngle: 0
  BulletType: 0
  ShootDown: 0
  speedBulletMove: 0.5
--- !u!1 &8623949552431019878
GameObject:
  m_ObjectHideFlags: 0
  m_CorrespondingSourceObject: {fileID: 0}
  m_PrefabInstance: {fileID: 0}
  m_PrefabAsset: {fileID: 0}
  serializedVersion: 6
  m_Component:
  - component: {fileID: 8623949552431246086}
  - component: {fileID: 8623949552427907604}
  m_Layer: 13
  m_Name: Model
  m_TagString: Untagged
  m_Icon: {fileID: 0}
  m_NavMeshLayer: 0
  m_StaticEditorFlags: 0
  m_IsActive: 1
--- !u!4 &8623949552431246086
Transform:
  m_ObjectHideFlags: 0
  m_CorrespondingSourceObject: {fileID: 0}
  m_PrefabInstance: {fileID: 0}
  m_PrefabAsset: {fileID: 0}
  m_GameObject: {fileID: 8623949552431019878}
  m_LocalRotation: {x: -0.7071068, y: 0, z: -0, w: 0.7071068}
  m_LocalPosition: {x: -0, y: 0, z: 0}
  m_LocalScale: {x: 1, y: 1, z: 1}
  m_Children: []
  m_Father: {fileID: 8623949552431246084}
  m_RootOrder: 2
  m_LocalEulerAnglesHint: {x: 0, y: 0, z: 0}
--- !u!137 &8623949552427907604
SkinnedMeshRenderer:
  m_ObjectHideFlags: 0
  m_CorrespondingSourceObject: {fileID: 0}
  m_PrefabInstance: {fileID: 0}
  m_PrefabAsset: {fileID: 0}
  m_GameObject: {fileID: 8623949552431019878}
  m_Enabled: 1
  m_CastShadows: 1
  m_ReceiveShadows: 1
  m_DynamicOccludee: 1
  m_MotionVectors: 1
  m_LightProbeUsage: 1
  m_ReflectionProbeUsage: 1
  m_RenderingLayerMask: 1
  m_RendererPriority: 0
  m_Materials:
  - {fileID: 2100000, guid: 04c77f9bcbe2ad944928a34e18973216, type: 2}
  m_StaticBatchInfo:
    firstSubMesh: 0
    subMeshCount: 0
  m_StaticBatchRoot: {fileID: 0}
  m_ProbeAnchor: {fileID: 0}
  m_LightProbeVolumeOverride: {fileID: 0}
  m_ScaleInLightmap: 1
  m_PreserveUVs: 0
  m_IgnoreNormalsForChartDetection: 0
  m_ImportantGI: 0
  m_StitchLightmapSeams: 0
  m_SelectedEditorRenderState: 3
  m_MinimumChartSize: 4
  m_AutoUVMaxDistance: 0.5
  m_AutoUVMaxAngle: 89
  m_LightmapParameters: {fileID: 0}
  m_SortingLayerID: 0
  m_SortingLayer: 0
  m_SortingOrder: 0
  serializedVersion: 2
  m_Quality: 0
  m_UpdateWhenOffscreen: 0
  m_SkinnedMotionVectors: 1
  m_Mesh: {fileID: 4300000, guid: 1e0789d8eb2789d41b42e743d68d11cd, type: 3}
  m_Bones:
  - {fileID: 8623949552431246134}
  - {fileID: 8623949552431246128}
  - {fileID: 8623949552431246132}
  - {fileID: 8623949552431246114}
  - {fileID: 8623949552431246126}
  - {fileID: 8623949552431246122}
  - {fileID: 8623949552431246130}
  - {fileID: 8623949552431246142}
  - {fileID: 8623949552431246138}
  - {fileID: 8623949552431246124}
  - {fileID: 8623949552431246120}
  - {fileID: 8623949552431246100}
  - {fileID: 8623949552431246140}
  - {fileID: 8623949552431246136}
  - {fileID: 8623949552431246116}
  m_BlendShapeWeights: []
  m_RootBone: {fileID: 8623949552431246132}
  m_AABB:
    m_Center: {x: -0.23015825, y: -0.072304875, z: 0.00000008940697}
    m_Extent: {x: 0.3834061, y: 0.29186162, z: 0.3210715}
  m_DirtyAABB: 0
--- !u!1 &8623949552431019880
GameObject:
  m_ObjectHideFlags: 0
  m_CorrespondingSourceObject: {fileID: 0}
  m_PrefabInstance: {fileID: 0}
  m_PrefabAsset: {fileID: 0}
  serializedVersion: 6
  m_Component:
  - component: {fileID: 8623949552431246088}
  m_Layer: 13
  m_Name: Top_Bone004
  m_TagString: Untagged
  m_Icon: {fileID: 0}
  m_NavMeshLayer: 0
  m_StaticEditorFlags: 0
  m_IsActive: 1
--- !u!4 &8623949552431246088
Transform:
  m_ObjectHideFlags: 0
  m_CorrespondingSourceObject: {fileID: 0}
  m_PrefabInstance: {fileID: 0}
  m_PrefabAsset: {fileID: 0}
  m_GameObject: {fileID: 8623949552431019880}
  m_LocalRotation: {x: -7.1054257e-15, y: 2.6645346e-15, z: 1.8932653e-29, w: 1}
  m_LocalPosition: {x: -0.15876573, y: -0.00000045776366, z: -4.092726e-14}
  m_LocalScale: {x: 1.0000001, y: 1.0000001, z: 1}
  m_Children: []
  m_Father: {fileID: 8623949552431246128}
  m_RootOrder: 0
  m_LocalEulerAnglesHint: {x: 0, y: 0, z: 0}
--- !u!1 &8623949552431019882
GameObject:
  m_ObjectHideFlags: 0
  m_CorrespondingSourceObject: {fileID: 0}
  m_PrefabInstance: {fileID: 0}
  m_PrefabAsset: {fileID: 0}
  serializedVersion: 6
  m_Component:
  - component: {fileID: 8623949552431246090}
  m_Layer: 13
  m_Name: Top_Bone019
  m_TagString: Untagged
  m_Icon: {fileID: 0}
  m_NavMeshLayer: 0
  m_StaticEditorFlags: 0
  m_IsActive: 1
--- !u!4 &8623949552431246090
Transform:
  m_ObjectHideFlags: 0
  m_CorrespondingSourceObject: {fileID: 0}
  m_PrefabInstance: {fileID: 0}
  m_PrefabAsset: {fileID: 0}
  m_GameObject: {fileID: 8623949552431019882}
  m_LocalRotation: {x: 0.000000029802319, y: -0.00000002491289, z: 0.0000000065192616,
    w: 1}
  m_LocalPosition: {x: -0.12674086, y: -0.000000014305114, z: -0.000000028610229}
  m_LocalScale: {x: 0.9999997, y: 1.0000001, z: 1}
  m_Children: []
  m_Father: {fileID: 8623949552431246122}
  m_RootOrder: 0
  m_LocalEulerAnglesHint: {x: 0.000004152753, y: -0.0000034714446, z: 0.00000090841525}
--- !u!1 &8623949552431019884
GameObject:
  m_ObjectHideFlags: 0
  m_CorrespondingSourceObject: {fileID: 0}
  m_PrefabInstance: {fileID: 0}
  m_PrefabAsset: {fileID: 0}
  serializedVersion: 6
  m_Component:
  - component: {fileID: 8623949552431246092}
  m_Layer: 13
  m_Name: Rectangle003
  m_TagString: Untagged
  m_Icon: {fileID: 0}
  m_NavMeshLayer: 0
  m_StaticEditorFlags: 0
  m_IsActive: 1
--- !u!4 &8623949552431246092
Transform:
  m_ObjectHideFlags: 0
  m_CorrespondingSourceObject: {fileID: 0}
  m_PrefabInstance: {fileID: 0}
  m_PrefabAsset: {fileID: 0}
  m_GameObject: {fileID: 8623949552431019884}
  m_LocalRotation: {x: -0.7071068, y: 0, z: -0, w: 0.7071068}
  m_LocalPosition: {x: 0.28652564, y: 0, z: 0.11144993}
  m_LocalScale: {x: 1, y: 1, z: 1}
  m_Children:
  - {fileID: 8623949552431246096}
  m_Father: {fileID: 8623949552431246084}
  m_RootOrder: 5
  m_LocalEulerAnglesHint: {x: -90, y: 0, z: 0}
--- !u!1 &8623949552431019886
GameObject:
  m_ObjectHideFlags: 0
  m_CorrespondingSourceObject: {fileID: 0}
  m_PrefabInstance: {fileID: 0}
  m_PrefabAsset: {fileID: 0}
  serializedVersion: 6
  m_Component:
  - component: {fileID: 8623949552431246094}
  m_Layer: 13
  m_Name: Rectangle004
  m_TagString: Untagged
  m_Icon: {fileID: 0}
  m_NavMeshLayer: 0
  m_StaticEditorFlags: 0
  m_IsActive: 1
--- !u!4 &8623949552431246094
Transform:
  m_ObjectHideFlags: 0
  m_CorrespondingSourceObject: {fileID: 0}
  m_PrefabInstance: {fileID: 0}
  m_PrefabAsset: {fileID: 0}
  m_GameObject: {fileID: 8623949552431019886}
  m_LocalRotation: {x: -0.7071068, y: 0, z: -0, w: 0.7071068}
  m_LocalPosition: {x: -0.27983573, y: 0, z: 0.11144993}
  m_LocalScale: {x: 1, y: 1, z: 1}
  m_Children:
  - {fileID: 8623949552431246098}
  m_Father: {fileID: 8623949552431246084}
  m_RootOrder: 6
  m_LocalEulerAnglesHint: {x: -90, y: 0, z: 0}
--- !u!1 &8623949552431019888
GameObject:
  m_ObjectHideFlags: 0
  m_CorrespondingSourceObject: {fileID: 0}
  m_PrefabInstance: {fileID: 0}
  m_PrefabAsset: {fileID: 0}
  serializedVersion: 6
  m_Component:
  - component: {fileID: 8623949552431246096}
  m_Layer: 13
  m_Name: IK Chain005
  m_TagString: Untagged
  m_Icon: {fileID: 0}
  m_NavMeshLayer: 0
  m_StaticEditorFlags: 0
  m_IsActive: 1
--- !u!4 &8623949552431246096
Transform:
  m_ObjectHideFlags: 0
  m_CorrespondingSourceObject: {fileID: 0}
  m_PrefabInstance: {fileID: 0}
  m_PrefabAsset: {fileID: 0}
  m_GameObject: {fileID: 8623949552431019888}
  m_LocalRotation: {x: 0, y: -0, z: -0, w: 1}
  m_LocalPosition: {x: -0.0060456847, y: 0.008665371, z: -0.0033159826}
  m_LocalScale: {x: 1, y: 1, z: 1}
  m_Children: []
  m_Father: {fileID: 8623949552431246092}
  m_RootOrder: 0
  m_LocalEulerAnglesHint: {x: 0, y: 0, z: 0}
--- !u!1 &8623949552431019890
GameObject:
  m_ObjectHideFlags: 0
  m_CorrespondingSourceObject: {fileID: 0}
  m_PrefabInstance: {fileID: 0}
  m_PrefabAsset: {fileID: 0}
  serializedVersion: 6
  m_Component:
  - component: {fileID: 8623949552431246098}
  m_Layer: 13
  m_Name: IK Chain006
  m_TagString: Untagged
  m_Icon: {fileID: 0}
  m_NavMeshLayer: 0
  m_StaticEditorFlags: 0
  m_IsActive: 1
--- !u!4 &8623949552431246098
Transform:
  m_ObjectHideFlags: 0
  m_CorrespondingSourceObject: {fileID: 0}
  m_PrefabInstance: {fileID: 0}
  m_PrefabAsset: {fileID: 0}
  m_GameObject: {fileID: 8623949552431019890}
  m_LocalRotation: {x: 0, y: -0, z: -0, w: 1}
  m_LocalPosition: {x: -0.0006440735, y: 0.00866538, z: -0.0033160304}
  m_LocalScale: {x: 1, y: 1, z: 1}
  m_Children: []
  m_Father: {fileID: 8623949552431246094}
  m_RootOrder: 0
  m_LocalEulerAnglesHint: {x: 0, y: 0, z: 0}
--- !u!1 &8623949552431019892
GameObject:
  m_ObjectHideFlags: 0
  m_CorrespondingSourceObject: {fileID: 0}
  m_PrefabInstance: {fileID: 0}
  m_PrefabAsset: {fileID: 0}
  serializedVersion: 6
  m_Component:
  - component: {fileID: 8623949552431246100}
  m_Layer: 13
  m_Name: Bone018(mirrored)
  m_TagString: Untagged
  m_Icon: {fileID: 0}
  m_NavMeshLayer: 0
  m_StaticEditorFlags: 0
  m_IsActive: 1
--- !u!4 &8623949552431246100
Transform:
  m_ObjectHideFlags: 0
  m_CorrespondingSourceObject: {fileID: 0}
  m_PrefabInstance: {fileID: 0}
  m_PrefabAsset: {fileID: 0}
  m_GameObject: {fileID: 8623949552431019892}
  m_LocalRotation: {x: 0.5898927, y: -0.2898606, z: 0.7300373, w: -0.1872247}
  m_LocalPosition: {x: -0.09336988, y: 0.000000095367426, z: 0.0000001168251}
  m_LocalScale: {x: 1, y: 1, z: 0.99999994}
  m_Children:
  - {fileID: 8623949552431246196}
  m_Father: {fileID: 8623949552431246120}
  m_RootOrder: 0
  m_LocalEulerAnglesHint: {x: 31.342827, y: 49.860115, z: -152.31618}
--- !u!1 &8623949552431019894
GameObject:
  m_ObjectHideFlags: 0
  m_CorrespondingSourceObject: {fileID: 0}
  m_PrefabInstance: {fileID: 0}
  m_PrefabAsset: {fileID: 0}
  serializedVersion: 6
  m_Component:
  - component: {fileID: 8623949552431246102}
  m_Layer: 13
  m_Name: Dummy001
  m_TagString: Untagged
  m_Icon: {fileID: 0}
  m_NavMeshLayer: 0
  m_StaticEditorFlags: 0
  m_IsActive: 1
--- !u!4 &8623949552431246102
Transform:
  m_ObjectHideFlags: 0
  m_CorrespondingSourceObject: {fileID: 0}
  m_PrefabInstance: {fileID: 0}
  m_PrefabAsset: {fileID: 0}
  m_GameObject: {fileID: 8623949552431019894}
  m_LocalRotation: {x: -0.7071068, y: 0, z: -0, w: 0.7071068}
  m_LocalPosition: {x: -0.0000000094435535, y: 0.17231031, z: -0.21604331}
  m_LocalScale: {x: 1, y: 1, z: 1}
  m_Children: []
  m_Father: {fileID: 8623949552431246084}
  m_RootOrder: 1
  m_LocalEulerAnglesHint: {x: -66.13966, y: 0, z: 0}
--- !u!1 &8623949552431019896
GameObject:
  m_ObjectHideFlags: 0
  m_CorrespondingSourceObject: {fileID: 0}
  m_PrefabInstance: {fileID: 0}
  m_PrefabAsset: {fileID: 0}
  serializedVersion: 6
  m_Component:
  - component: {fileID: 8623949552431246104}
  m_Layer: 13
  m_Name: IK Chain009
  m_TagString: Untagged
  m_Icon: {fileID: 0}
  m_NavMeshLayer: 0
  m_StaticEditorFlags: 0
  m_IsActive: 1
--- !u!4 &8623949552431246104
Transform:
  m_ObjectHideFlags: 0
  m_CorrespondingSourceObject: {fileID: 0}
  m_PrefabInstance: {fileID: 0}
  m_PrefabAsset: {fileID: 0}
  m_GameObject: {fileID: 8623949552431019896}
  m_LocalRotation: {x: 0, y: -0, z: -0, w: 1}
  m_LocalPosition: {x: 0.005817461, y: 0.12660131, z: 0.0012495553}
  m_LocalScale: {x: 1, y: 1, z: 1}
  m_Children: []
  m_Father: {fileID: 8623949552431246106}
  m_RootOrder: 0
  m_LocalEulerAnglesHint: {x: 0, y: 0, z: 0}
--- !u!1 &8623949552431019898
GameObject:
  m_ObjectHideFlags: 0
  m_CorrespondingSourceObject: {fileID: 0}
  m_PrefabInstance: {fileID: 0}
  m_PrefabAsset: {fileID: 0}
  serializedVersion: 6
  m_Component:
  - component: {fileID: 8623949552431246106}
  m_Layer: 13
  m_Name: IK Chain010
  m_TagString: Untagged
  m_Icon: {fileID: 0}
  m_NavMeshLayer: 0
  m_StaticEditorFlags: 0
  m_IsActive: 1
--- !u!4 &8623949552431246106
Transform:
  m_ObjectHideFlags: 0
  m_CorrespondingSourceObject: {fileID: 0}
  m_PrefabInstance: {fileID: 0}
  m_PrefabAsset: {fileID: 0}
  m_GameObject: {fileID: 8623949552431019898}
  m_LocalRotation: {x: 0, y: -0, z: -0, w: 1}
  m_LocalPosition: {x: -0.0009680462, y: -0.015013027, z: 0.00307675}
  m_LocalScale: {x: 1, y: 1, z: 1}
  m_Children:
  - {fileID: 8623949552431246104}
  m_Father: {fileID: 8623949552431246080}
  m_RootOrder: 0
  m_LocalEulerAnglesHint: {x: 0, y: 0, z: 0}
--- !u!1 &8623949552431019900
GameObject:
  m_ObjectHideFlags: 0
  m_CorrespondingSourceObject: {fileID: 0}
  m_PrefabInstance: {fileID: 0}
  m_PrefabAsset: {fileID: 0}
  serializedVersion: 6
  m_Component:
  - component: {fileID: 8623949552431246108}
  m_Layer: 13
  m_Name: IK Chain007
  m_TagString: Untagged
  m_Icon: {fileID: 0}
  m_NavMeshLayer: 0
  m_StaticEditorFlags: 0
  m_IsActive: 1
--- !u!4 &8623949552431246108
Transform:
  m_ObjectHideFlags: 0
  m_CorrespondingSourceObject: {fileID: 0}
  m_PrefabInstance: {fileID: 0}
  m_PrefabAsset: {fileID: 0}
  m_GameObject: {fileID: 8623949552431019900}
  m_LocalRotation: {x: 0, y: -0, z: -0, w: 1}
  m_LocalPosition: {x: -0.0057758903, y: 0.1266029, z: 0.0012611592}
  m_LocalScale: {x: 1, y: 1, z: 1}
  m_Children: []
  m_Father: {fileID: 8623949552431246110}
  m_RootOrder: 0
  m_LocalEulerAnglesHint: {x: 0, y: 0, z: 0}
--- !u!1 &8623949552431019902
GameObject:
  m_ObjectHideFlags: 0
  m_CorrespondingSourceObject: {fileID: 0}
  m_PrefabInstance: {fileID: 0}
  m_PrefabAsset: {fileID: 0}
  serializedVersion: 6
  m_Component:
  - component: {fileID: 8623949552431246110}
  m_Layer: 13
  m_Name: IK Chain008
  m_TagString: Untagged
  m_Icon: {fileID: 0}
  m_NavMeshLayer: 0
  m_StaticEditorFlags: 0
  m_IsActive: 1
--- !u!4 &8623949552431246110
Transform:
  m_ObjectHideFlags: 0
  m_CorrespondingSourceObject: {fileID: 0}
  m_PrefabInstance: {fileID: 0}
  m_PrefabAsset: {fileID: 0}
  m_GameObject: {fileID: 8623949552431019902}
  m_LocalRotation: {x: 0, y: -0, z: -0, w: 1}
  m_LocalPosition: {x: 0.012536373, y: -0.015640521, z: 0.003065108}
  m_LocalScale: {x: 1, y: 1, z: 1}
  m_Children:
  - {fileID: 8623949552431246108}
  m_Father: {fileID: 8623949552431246082}
  m_RootOrder: 0
  m_LocalEulerAnglesHint: {x: 0, y: 0, z: 0}
--- !u!1001 &45728889586950348
PrefabInstance:
  m_ObjectHideFlags: 0
  serializedVersion: 2
  m_Modification:
    m_TransformParent: {fileID: 8623949552431246084}
    m_Modifications:
    - target: {fileID: 2859694978836465034, guid: 7e65c06b1b4735f4585e7fb69f1bc0a6,
        type: 3}
      propertyPath: m_Name
      value: HealtBar
      objectReference: {fileID: 0}
    - target: {fileID: 2859694978836465030, guid: 7e65c06b1b4735f4585e7fb69f1bc0a6,
        type: 3}
      propertyPath: m_LocalPosition.x
      value: 0
      objectReference: {fileID: 0}
    - target: {fileID: 2859694978836465030, guid: 7e65c06b1b4735f4585e7fb69f1bc0a6,
        type: 3}
      propertyPath: m_LocalPosition.y
      value: 0
      objectReference: {fileID: 0}
    - target: {fileID: 2859694978836465030, guid: 7e65c06b1b4735f4585e7fb69f1bc0a6,
        type: 3}
      propertyPath: m_LocalPosition.z
      value: 0
      objectReference: {fileID: 0}
    - target: {fileID: 2859694978836465030, guid: 7e65c06b1b4735f4585e7fb69f1bc0a6,
        type: 3}
      propertyPath: m_LocalRotation.x
      value: -0.38268343
      objectReference: {fileID: 0}
    - target: {fileID: 2859694978836465030, guid: 7e65c06b1b4735f4585e7fb69f1bc0a6,
        type: 3}
      propertyPath: m_LocalRotation.y
      value: 0
      objectReference: {fileID: 0}
    - target: {fileID: 2859694978836465030, guid: 7e65c06b1b4735f4585e7fb69f1bc0a6,
        type: 3}
      propertyPath: m_LocalRotation.z
      value: 0
      objectReference: {fileID: 0}
    - target: {fileID: 2859694978836465030, guid: 7e65c06b1b4735f4585e7fb69f1bc0a6,
        type: 3}
      propertyPath: m_LocalRotation.w
      value: 0.92387956
      objectReference: {fileID: 0}
    - target: {fileID: 2859694978836465030, guid: 7e65c06b1b4735f4585e7fb69f1bc0a6,
        type: 3}
      propertyPath: m_RootOrder
      value: 7
      objectReference: {fileID: 0}
    - target: {fileID: 2859694978836465030, guid: 7e65c06b1b4735f4585e7fb69f1bc0a6,
        type: 3}
      propertyPath: m_LocalEulerAnglesHint.x
      value: -45.000004
      objectReference: {fileID: 0}
    - target: {fileID: 2859694978836465030, guid: 7e65c06b1b4735f4585e7fb69f1bc0a6,
        type: 3}
      propertyPath: m_LocalEulerAnglesHint.y
      value: 0
      objectReference: {fileID: 0}
    - target: {fileID: 2859694978836465030, guid: 7e65c06b1b4735f4585e7fb69f1bc0a6,
        type: 3}
      propertyPath: m_LocalEulerAnglesHint.z
      value: 0
      objectReference: {fileID: 0}
    - target: {fileID: 2859694978836465030, guid: 7e65c06b1b4735f4585e7fb69f1bc0a6,
        type: 3}
      propertyPath: m_AnchoredPosition.x
      value: 0.01
      objectReference: {fileID: 0}
    - target: {fileID: 2859694978836465030, guid: 7e65c06b1b4735f4585e7fb69f1bc0a6,
        type: 3}
      propertyPath: m_AnchoredPosition.y
      value: 0.592
      objectReference: {fileID: 0}
    - target: {fileID: 2859694978836465030, guid: 7e65c06b1b4735f4585e7fb69f1bc0a6,
        type: 3}
      propertyPath: m_SizeDelta.x
      value: 2
      objectReference: {fileID: 0}
    - target: {fileID: 2859694978836465030, guid: 7e65c06b1b4735f4585e7fb69f1bc0a6,
        type: 3}
      propertyPath: m_SizeDelta.y
      value: 1.5
      objectReference: {fileID: 0}
    - target: {fileID: 2859694978836465030, guid: 7e65c06b1b4735f4585e7fb69f1bc0a6,
        type: 3}
      propertyPath: m_AnchorMin.x
      value: 0
      objectReference: {fileID: 0}
    - target: {fileID: 2859694978836465030, guid: 7e65c06b1b4735f4585e7fb69f1bc0a6,
        type: 3}
      propertyPath: m_AnchorMin.y
      value: 0
      objectReference: {fileID: 0}
    - target: {fileID: 2859694978836465030, guid: 7e65c06b1b4735f4585e7fb69f1bc0a6,
        type: 3}
      propertyPath: m_AnchorMax.x
      value: 0
      objectReference: {fileID: 0}
    - target: {fileID: 2859694978836465030, guid: 7e65c06b1b4735f4585e7fb69f1bc0a6,
        type: 3}
      propertyPath: m_AnchorMax.y
      value: 0
      objectReference: {fileID: 0}
    - target: {fileID: 2859694978836465030, guid: 7e65c06b1b4735f4585e7fb69f1bc0a6,
        type: 3}
      propertyPath: m_Pivot.x
      value: 0.5
      objectReference: {fileID: 0}
    - target: {fileID: 2859694978836465030, guid: 7e65c06b1b4735f4585e7fb69f1bc0a6,
        type: 3}
      propertyPath: m_Pivot.y
      value: 0.5
      objectReference: {fileID: 0}
    - target: {fileID: 8616702774621400153, guid: 7e65c06b1b4735f4585e7fb69f1bc0a6,
        type: 3}
      propertyPath: m_AnchoredPosition.x
      value: 0
      objectReference: {fileID: 0}
    - target: {fileID: 8616702774621400153, guid: 7e65c06b1b4735f4585e7fb69f1bc0a6,
        type: 3}
      propertyPath: m_AnchoredPosition.y
      value: 0.120000005
      objectReference: {fileID: 0}
    - target: {fileID: 8616702774621400153, guid: 7e65c06b1b4735f4585e7fb69f1bc0a6,
        type: 3}
      propertyPath: m_SizeDelta.x
      value: -0.26
      objectReference: {fileID: 0}
    - target: {fileID: 8616702774621400153, guid: 7e65c06b1b4735f4585e7fb69f1bc0a6,
        type: 3}
      propertyPath: m_SizeDelta.y
      value: 0.36
      objectReference: {fileID: 0}
    - target: {fileID: 2859694979447970964, guid: 7e65c06b1b4735f4585e7fb69f1bc0a6,
        type: 3}
      propertyPath: m_AnchoredPosition.x
      value: -0.000100016594
      objectReference: {fileID: 0}
    - target: {fileID: 2859694979447970964, guid: 7e65c06b1b4735f4585e7fb69f1bc0a6,
        type: 3}
      propertyPath: m_AnchoredPosition.y
      value: 0.096000016
      objectReference: {fileID: 0}
    - target: {fileID: 2859694979950265469, guid: 7e65c06b1b4735f4585e7fb69f1bc0a6,
        type: 3}
      propertyPath: m_AnchoredPosition.x
      value: 0.006000042
      objectReference: {fileID: 0}
    m_RemovedComponents: []
  m_SourcePrefab: {fileID: 100100000, guid: 7e65c06b1b4735f4585e7fb69f1bc0a6, type: 3}
--- !u!114 &445083535520116688 stripped
MonoBehaviour:
  m_CorrespondingSourceObject: {fileID: 472657168512880412, guid: 7e65c06b1b4735f4585e7fb69f1bc0a6,
    type: 3}
  m_PrefabInstance: {fileID: 45728889586950348}
  m_PrefabAsset: {fileID: 0}
  m_GameObject: {fileID: 0}
  m_Enabled: 1
  m_EditorHideFlags: 0
  m_Script: {fileID: -765806418, guid: f70555f144d8491a825f0804e09c671c, type: 3}
  m_Name: 
  m_EditorClassIdentifier: 
--- !u!1 &2814146411582039366 stripped
GameObject:
  m_CorrespondingSourceObject: {fileID: 2859694978836465034, guid: 7e65c06b1b4735f4585e7fb69f1bc0a6,
    type: 3}
  m_PrefabInstance: {fileID: 45728889586950348}
  m_PrefabAsset: {fileID: 0}
--- !u!224 &2814146411582039370 stripped
RectTransform:
  m_CorrespondingSourceObject: {fileID: 2859694978836465030, guid: 7e65c06b1b4735f4585e7fb69f1bc0a6,
    type: 3}
  m_PrefabInstance: {fileID: 45728889586950348}
  m_PrefabAsset: {fileID: 0}
