%YAML 1.1
%TAG !u! tag:unity3d.com,2011:
--- !u!1 &1300763969810929485
GameObject:
  m_ObjectHideFlags: 0
  m_CorrespondingSourceObject: {fileID: 0}
  m_PrefabInstance: {fileID: 0}
  m_PrefabAsset: {fileID: 0}
  serializedVersion: 6
  m_Component:
  - component: {fileID: 6296939249005602467}
  - component: {fileID: 1403102434}
  - component: {fileID: 122558597471566389}
  m_Layer: 20
  m_Name: Border
  m_TagString: Untagged
  m_Icon: {fileID: 0}
  m_NavMeshLayer: 0
  m_StaticEditorFlags: 0
  m_IsActive: 1
--- !u!4 &6296939249005602467
Transform:
  m_ObjectHideFlags: 0
  m_CorrespondingSourceObject: {fileID: 0}
  m_PrefabInstance: {fileID: 0}
  m_PrefabAsset: {fileID: 0}
  m_GameObject: {fileID: 1300763969810929485}
  m_LocalRotation: {x: -0, y: -0, z: -0, w: 1}
  m_LocalPosition: {x: 0, y: 0.54, z: 0}
  m_LocalScale: {x: 0.6666667, y: 0.6666667, z: 0.6666667}
  m_Children: []
  m_Father: {fileID: 8965586999236873758}
  m_RootOrder: 4
  m_LocalEulerAnglesHint: {x: 0, y: 0, z: 0}
--- !u!136 &1403102434
CapsuleCollider:
  m_ObjectHideFlags: 0
  m_CorrespondingSourceObject: {fileID: 0}
  m_PrefabInstance: {fileID: 0}
  m_PrefabAsset: {fileID: 0}
  m_GameObject: {fileID: 1300763969810929485}
  m_Material: {fileID: 0}
  m_IsTrigger: 0
  m_Enabled: 1
  m_Radius: 0.2
  m_Height: 0.5
  m_Direction: 1
  m_Center: {x: 0, y: 0, z: 0}
--- !u!114 &122558597471566389
MonoBehaviour:
  m_ObjectHideFlags: 0
  m_CorrespondingSourceObject: {fileID: 0}
  m_PrefabInstance: {fileID: 0}
  m_PrefabAsset: {fileID: 0}
  m_GameObject: {fileID: 1300763969810929485}
  m_Enabled: 1
  m_EditorHideFlags: 0
  m_Script: {fileID: 11500000, guid: 58918606b2f094545974f4d450f1a2de, type: 3}
  m_Name: 
  m_EditorClassIdentifier: 
  InGround: 0
--- !u!1 &2830943467546417533
GameObject:
  m_ObjectHideFlags: 0
  m_CorrespondingSourceObject: {fileID: 0}
  m_PrefabInstance: {fileID: 0}
  m_PrefabAsset: {fileID: 0}
  serializedVersion: 6
  m_Component:
  - component: {fileID: 4824832244481431974}
  m_Layer: 13
  m_Name: PosBullet
  m_TagString: Untagged
  m_Icon: {fileID: 0}
  m_NavMeshLayer: 0
  m_StaticEditorFlags: 0
  m_IsActive: 1
--- !u!4 &4824832244481431974
Transform:
  m_ObjectHideFlags: 0
  m_CorrespondingSourceObject: {fileID: 0}
  m_PrefabInstance: {fileID: 0}
  m_PrefabAsset: {fileID: 0}
  m_GameObject: {fileID: 2830943467546417533}
  m_LocalRotation: {x: -0, y: -0, z: -0, w: 1}
  m_LocalPosition: {x: 0, y: 0.058, z: 0.187}
  m_LocalScale: {x: 1, y: 1, z: 1}
  m_Children: []
  m_Father: {fileID: 8965586999236873758}
  m_RootOrder: 3
  m_LocalEulerAnglesHint: {x: 0, y: 0, z: 0}
--- !u!1 &7809755223571311761
GameObject:
  m_ObjectHideFlags: 0
  m_CorrespondingSourceObject: {fileID: 0}
  m_PrefabInstance: {fileID: 0}
  m_PrefabAsset: {fileID: 0}
  serializedVersion: 6
  m_Component:
  - component: {fileID: 7809755223571804337}
  m_Layer: 13
  m_Name: Bone006
  m_TagString: Untagged
  m_Icon: {fileID: 0}
  m_NavMeshLayer: 0
  m_StaticEditorFlags: 0
  m_IsActive: 1
--- !u!4 &7809755223571804337
Transform:
  m_ObjectHideFlags: 0
  m_CorrespondingSourceObject: {fileID: 0}
  m_PrefabInstance: {fileID: 0}
  m_PrefabAsset: {fileID: 0}
  m_GameObject: {fileID: 7809755223571311761}
  m_LocalRotation: {x: 0.046014257, y: 0.04308645, z: -0.024736343, w: 0.99770457}
  m_LocalPosition: {x: -0.08346484, y: -0.000000012218952, z: 1.2239098e-14}
  m_LocalScale: {x: 1, y: 1, z: 1}
  m_Children: []
  m_Father: {fileID: 7809755223571804339}
  m_RootOrder: 0
  m_LocalEulerAnglesHint: {x: 1.3140701, y: -0.2528715, z: 0.1865366}
--- !u!1 &7809755223571311763
GameObject:
  m_ObjectHideFlags: 0
  m_CorrespondingSourceObject: {fileID: 0}
  m_PrefabInstance: {fileID: 0}
  m_PrefabAsset: {fileID: 0}
  serializedVersion: 6
  m_Component:
  - component: {fileID: 7809755223571804339}
  m_Layer: 13
  m_Name: Bone005
  m_TagString: Untagged
  m_Icon: {fileID: 0}
  m_NavMeshLayer: 0
  m_StaticEditorFlags: 0
  m_IsActive: 1
--- !u!4 &7809755223571804339
Transform:
  m_ObjectHideFlags: 0
  m_CorrespondingSourceObject: {fileID: 0}
  m_PrefabInstance: {fileID: 0}
  m_PrefabAsset: {fileID: 0}
  m_GameObject: {fileID: 7809755223571311763}
  m_LocalRotation: {x: 0.047980573, y: 0.043731414, z: -0.024522338, w: 0.9975892}
  m_LocalPosition: {x: -0.08815387, y: 0, z: -5.8886226e-15}
  m_LocalScale: {x: 0.99999976, y: 0.99999976, z: 1}
  m_Children:
  - {fileID: 7809755223571804337}
  m_Father: {fileID: 7809755223571804349}
  m_RootOrder: 0
  m_LocalEulerAnglesHint: {x: 1.9775397, y: 1.0100878, z: -3.6925235}
--- !u!1 &7809755223571311765
GameObject:
  m_ObjectHideFlags: 0
  m_CorrespondingSourceObject: {fileID: 0}
  m_PrefabInstance: {fileID: 0}
  m_PrefabAsset: {fileID: 0}
  serializedVersion: 6
  m_Component:
  - component: {fileID: 7809755223571804341}
  - component: {fileID: 7809755223566098843}
  m_Layer: 13
  m_Name: Model
  m_TagString: Untagged
  m_Icon: {fileID: 0}
  m_NavMeshLayer: 0
  m_StaticEditorFlags: 0
  m_IsActive: 1
--- !u!4 &7809755223571804341
Transform:
  m_ObjectHideFlags: 0
  m_CorrespondingSourceObject: {fileID: 0}
  m_PrefabInstance: {fileID: 0}
  m_PrefabAsset: {fileID: 0}
  m_GameObject: {fileID: 7809755223571311765}
  m_LocalRotation: {x: -0.7071068, y: 0, z: -0, w: 0.7071068}
  m_LocalPosition: {x: -0, y: 0, z: 0}
  m_LocalScale: {x: 1, y: 1, z: 1}
  m_Children: []
  m_Father: {fileID: 8965586999236873758}
  m_RootOrder: 1
  m_LocalEulerAnglesHint: {x: 0, y: 0, z: 0}
--- !u!137 &7809755223566098843
SkinnedMeshRenderer:
  m_ObjectHideFlags: 0
  m_CorrespondingSourceObject: {fileID: 0}
  m_PrefabInstance: {fileID: 0}
  m_PrefabAsset: {fileID: 0}
  m_GameObject: {fileID: 7809755223571311765}
  m_Enabled: 1
  m_CastShadows: 1
  m_ReceiveShadows: 1
  m_DynamicOccludee: 1
  m_MotionVectors: 1
  m_LightProbeUsage: 1
  m_ReflectionProbeUsage: 1
  m_RenderingLayerMask: 1
  m_RendererPriority: 0
  m_Materials:
  - {fileID: 2100000, guid: 5e6d64dc351f1b34fb32ce7151a7c96b, type: 2}
  m_StaticBatchInfo:
    firstSubMesh: 0
    subMeshCount: 0
  m_StaticBatchRoot: {fileID: 0}
  m_ProbeAnchor: {fileID: 0}
  m_LightProbeVolumeOverride: {fileID: 0}
  m_ScaleInLightmap: 1
  m_PreserveUVs: 0
  m_IgnoreNormalsForChartDetection: 0
  m_ImportantGI: 0
  m_StitchLightmapSeams: 0
  m_SelectedEditorRenderState: 3
  m_MinimumChartSize: 4
  m_AutoUVMaxDistance: 0.5
  m_AutoUVMaxAngle: 89
  m_LightmapParameters: {fileID: 0}
  m_SortingLayerID: 0
  m_SortingLayer: 0
  m_SortingOrder: 0
  serializedVersion: 2
  m_Quality: 0
  m_UpdateWhenOffscreen: 0
  m_SkinnedMotionVectors: 1
  m_Mesh: {fileID: 4300000, guid: 7f2261ddc40bce940a169c70c835071b, type: 3}
  m_Bones:
  - {fileID: 7809755223571804347}
  - {fileID: 7809755223571804351}
  - {fileID: 7809755223571804345}
  - {fileID: 7809755223571804349}
  - {fileID: 7809755223571804339}
  m_BlendShapeWeights: []
  m_RootBone: {fileID: 7809755223571804347}
  m_AABB:
    m_Center: {x: -0.28949088, y: -0.007013306, z: 0.003675416}
    m_Extent: {x: 0.2679317, y: 0.2077898, z: 0.19911987}
  m_DirtyAABB: 0
--- !u!1 &7809755223571311769
GameObject:
  m_ObjectHideFlags: 0
  m_CorrespondingSourceObject: {fileID: 0}
  m_PrefabInstance: {fileID: 0}
  m_PrefabAsset: {fileID: 0}
  serializedVersion: 6
  m_Component:
  - component: {fileID: 7809755223571804345}
  m_Layer: 13
  m_Name: Bone002
  m_TagString: Untagged
  m_Icon: {fileID: 0}
  m_NavMeshLayer: 0
  m_StaticEditorFlags: 0
  m_IsActive: 1
--- !u!4 &7809755223571804345
Transform:
  m_ObjectHideFlags: 0
  m_CorrespondingSourceObject: {fileID: 0}
  m_PrefabInstance: {fileID: 0}
  m_PrefabAsset: {fileID: 0}
  m_GameObject: {fileID: 7809755223571311769}
  m_LocalRotation: {x: 0.051211536, y: 0.04446594, z: -0.027166147, w: 0.9973275}
  m_LocalPosition: {x: -0.24101956, y: -0.000000011622905, z: -3.052264e-11}
  m_LocalScale: {x: 1.0000001, y: 1.0000001, z: 1}
  m_Children:
  - {fileID: 7809755223571804351}
  m_Father: {fileID: 7809755223571804347}
  m_RootOrder: 0
  m_LocalEulerAnglesHint: {x: 5.296698, y: 1.2040806, z: -8.529085}
--- !u!1 &7809755223571311771
GameObject:
  m_ObjectHideFlags: 0
  m_CorrespondingSourceObject: {fileID: 0}
  m_PrefabInstance: {fileID: 0}
  m_PrefabAsset: {fileID: 0}
  serializedVersion: 6
  m_Component:
  - component: {fileID: 7809755223571804347}
  m_Layer: 13
  m_Name: Bone001
  m_TagString: Untagged
  m_Icon: {fileID: 0}
  m_NavMeshLayer: 0
  m_StaticEditorFlags: 0
  m_IsActive: 1
--- !u!4 &7809755223571804347
Transform:
  m_ObjectHideFlags: 0
  m_CorrespondingSourceObject: {fileID: 0}
  m_PrefabInstance: {fileID: 0}
  m_PrefabAsset: {fileID: 0}
  m_GameObject: {fileID: 7809755223571311771}
  m_LocalRotation: {x: 0.4990301, y: 0.5009757, z: 0.49902248, w: 0.50096804}
  m_LocalPosition: {x: -0.030550014, y: 0.66039723, z: -0.0044089234}
  m_LocalScale: {x: 1, y: 1, z: 1}
  m_Children:
  - {fileID: 7809755223571804345}
  m_Father: {fileID: 8965586999236873758}
  m_RootOrder: 0
  m_LocalEulerAnglesHint: {x: 0.000097258366, y: 90.00086, z: 96.3124}
--- !u!1 &7809755223571311773
GameObject:
  m_ObjectHideFlags: 0
  m_CorrespondingSourceObject: {fileID: 0}
  m_PrefabInstance: {fileID: 0}
  m_PrefabAsset: {fileID: 0}
  serializedVersion: 6
  m_Component:
  - component: {fileID: 7809755223571804349}
  m_Layer: 13
  m_Name: Bone004
  m_TagString: Untagged
  m_Icon: {fileID: 0}
  m_NavMeshLayer: 0
  m_StaticEditorFlags: 0
  m_IsActive: 1
--- !u!4 &7809755223571804349
Transform:
  m_ObjectHideFlags: 0
  m_CorrespondingSourceObject: {fileID: 0}
  m_PrefabInstance: {fileID: 0}
  m_PrefabAsset: {fileID: 0}
  m_GameObject: {fileID: 7809755223571311773}
  m_LocalRotation: {x: 0.049733464, y: 0.04393351, z: -0.029479416, w: 0.9973602}
  m_LocalPosition: {x: -0.091908015, y: -0.0000000011920929, z: -0.000000016783986}
  m_LocalScale: {x: 1, y: 1, z: 1}
  m_Children:
  - {fileID: 7809755223571804339}
  m_Father: {fileID: 7809755223571804351}
  m_RootOrder: 0
  m_LocalEulerAnglesHint: {x: 3.188592, y: 1.8892211, z: -8.667499}
--- !u!1 &7809755223571311775
GameObject:
  m_ObjectHideFlags: 0
  m_CorrespondingSourceObject: {fileID: 0}
  m_PrefabInstance: {fileID: 0}
  m_PrefabAsset: {fileID: 0}
  serializedVersion: 6
  m_Component:
  - component: {fileID: 7809755223571804351}
  m_Layer: 13
  m_Name: Bone003
  m_TagString: Untagged
  m_Icon: {fileID: 0}
  m_NavMeshLayer: 0
  m_StaticEditorFlags: 0
  m_IsActive: 1
--- !u!4 &7809755223571804351
Transform:
  m_ObjectHideFlags: 0
  m_CorrespondingSourceObject: {fileID: 0}
  m_PrefabInstance: {fileID: 0}
  m_PrefabAsset: {fileID: 0}
  m_GameObject: {fileID: 7809755223571311775}
  m_LocalRotation: {x: 0.050117746, y: 0.04497869, z: -0.014517727, w: 0.99762434}
  m_LocalPosition: {x: -0.097537115, y: -0.000000017732381, z: 2.0008883e-13}
  m_LocalScale: {x: 1.0000001, y: 1.0000001, z: 1}
  m_Children:
  - {fileID: 7809755223571804349}
  m_Father: {fileID: 7809755223571804345}
  m_RootOrder: 0
  m_LocalEulerAnglesHint: {x: 4.1982307, y: 1.1066978, z: -4.44671}
--- !u!1 &8965586999236383294
GameObject:
  m_ObjectHideFlags: 0
  m_CorrespondingSourceObject: {fileID: 0}
  m_PrefabInstance: {fileID: 0}
  m_PrefabAsset: {fileID: 0}
  serializedVersion: 6
  m_Component:
  - component: {fileID: 8965586999236873758}
  - component: {fileID: 7809755223561953115}
  - component: {fileID: 5945162568190351978}
  - component: {fileID: 5945162568190351977}
  - component: {fileID: 5945162568190351984}
  - component: {fileID: 416519926434312955}
  - component: {fileID: 978126353799286647}
  - component: {fileID: 5945162568190351983}
  - component: {fileID: 726211214}
  - component: {fileID: 726211215}
  - component: {fileID: 726211213}
  - component: {fileID: 726211212}
  m_Layer: 13
  m_Name: BiMa
  m_TagString: Monster
  m_Icon: {fileID: 0}
  m_NavMeshLayer: 0
  m_StaticEditorFlags: 0
  m_IsActive: 1
--- !u!4 &8965586999236873758
Transform:
  m_ObjectHideFlags: 0
  m_CorrespondingSourceObject: {fileID: 0}
  m_PrefabInstance: {fileID: 0}
  m_PrefabAsset: {fileID: 0}
  m_GameObject: {fileID: 8965586999236383294}
  m_LocalRotation: {x: 0, y: 0, z: 0, w: 1}
  m_LocalPosition: {x: -2.017, y: 0, z: 0}
  m_LocalScale: {x: 3, y: 3, z: 3}
  m_Children:
  - {fileID: 7809755223571804347}
  - {fileID: 7809755223571804341}
  - {fileID: 4806141079133365444}
  - {fileID: 4824832244481431974}
  - {fileID: 6296939249005602467}
  m_Father: {fileID: 0}
  m_RootOrder: 0
  m_LocalEulerAnglesHint: {x: 0, y: 0, z: 0}
--- !u!95 &7809755223561953115
Animator:
  serializedVersion: 3
  m_ObjectHideFlags: 0
  m_CorrespondingSourceObject: {fileID: 0}
  m_PrefabInstance: {fileID: 0}
  m_PrefabAsset: {fileID: 0}
  m_GameObject: {fileID: 8965586999236383294}
  m_Enabled: 1
  m_Avatar: {fileID: 9000000, guid: 7f2261ddc40bce940a169c70c835071b, type: 3}
  m_Controller: {fileID: 9100000, guid: 19ad464c7e9d7db4fb90accc6a26f1cd, type: 2}
  m_CullingMode: 1
  m_UpdateMode: 0
  m_ApplyRootMotion: 0
  m_LinearVelocityBlending: 0
  m_WarningMessage: 
  m_HasTransformHierarchy: 1
  m_AllowConstantClipSamplingOptimization: 1
  m_KeepAnimatorControllerStateOnDisable: 0
--- !u!54 &5945162568190351978
Rigidbody:
  m_ObjectHideFlags: 0
  m_CorrespondingSourceObject: {fileID: 0}
  m_PrefabInstance: {fileID: 0}
  m_PrefabAsset: {fileID: 0}
  m_GameObject: {fileID: 8965586999236383294}
  serializedVersion: 2
  m_Mass: 50
  m_Drag: 0
  m_AngularDrag: 0.05
  m_UseGravity: 0
  m_IsKinematic: 0
  m_Interpolate: 0
  m_Constraints: 116
  m_CollisionDetection: 0
--- !u!136 &5945162568190351977
CapsuleCollider:
  m_ObjectHideFlags: 0
  m_CorrespondingSourceObject: {fileID: 0}
  m_PrefabInstance: {fileID: 0}
  m_PrefabAsset: {fileID: 0}
  m_GameObject: {fileID: 8965586999236383294}
  m_Material: {fileID: 0}
  m_IsTrigger: 1
  m_Enabled: 1
  m_Radius: 0.15
  m_Height: 0.8
  m_Direction: 1
  m_Center: {x: 0, y: 0.26, z: 0}
--- !u!195 &5945162568190351984
NavMeshAgent:
  m_ObjectHideFlags: 0
  m_CorrespondingSourceObject: {fileID: 0}
  m_PrefabInstance: {fileID: 0}
  m_PrefabAsset: {fileID: 0}
  m_GameObject: {fileID: 8965586999236383294}
  m_Enabled: 0
  m_AgentTypeID: 0
  m_Radius: 0.05
  m_Speed: 3.5
  m_Acceleration: 8
  avoidancePriority: 50
  m_AngularSpeed: 120
  m_StoppingDistance: 0
  m_AutoTraverseOffMeshLink: 1
  m_AutoBraking: 1
  m_AutoRepath: 1
  m_Height: 0.16
  m_BaseOffset: 0.19
  m_WalkableMask: 4294967295
  m_ObstacleAvoidanceType: 4
--- !u!114 &416519926434312955
MonoBehaviour:
  m_ObjectHideFlags: 0
  m_CorrespondingSourceObject: {fileID: 0}
  m_PrefabInstance: {fileID: 0}
  m_PrefabAsset: {fileID: 0}
  m_GameObject: {fileID: 8965586999236383294}
  m_Enabled: 1
  m_EditorHideFlags: 0
  m_Script: {fileID: 11500000, guid: e4285db280934784795ab128fedf45e8, type: 3}
  m_Name: 
  m_EditorClassIdentifier: 
  Id: 0
  style: 3
  pos: {x: -0.5, y: 0, z: 4}
--- !u!114 &978126353799286647
MonoBehaviour:
  m_ObjectHideFlags: 0
  m_CorrespondingSourceObject: {fileID: 0}
  m_PrefabInstance: {fileID: 0}
  m_PrefabAsset: {fileID: 0}
  m_GameObject: {fileID: 8965586999236383294}
  m_Enabled: 1
  m_EditorHideFlags: 0
  m_Script: {fileID: 11500000, guid: a44f4ca7e7b0cbe4bad14f1eee72157d, type: 3}
  m_Name: 
  m_EditorClassIdentifier: 
  GoldPrefab: {fileID: 0}
  ItemDrop: {fileID: 0}
  HeartDrop: {fileID: 0}
  ContentEff: {fileID: 0}
--- !u!114 &5945162568190351983
MonoBehaviour:
  m_ObjectHideFlags: 0
  m_CorrespondingSourceObject: {fileID: 0}
  m_PrefabInstance: {fileID: 0}
  m_PrefabAsset: {fileID: 0}
  m_GameObject: {fileID: 8965586999236383294}
  m_Enabled: 1
  m_EditorHideFlags: 0
  m_Script: {fileID: 11500000, guid: 522a177cafade7f44b8f68114d39d0f6, type: 3}
  m_Name: 
  m_EditorClassIdentifier: 
  nameMonster: 
  id: 0
  basicHP: 0
  basicATKDamge: 0
  basicMS: 0
  basicASMeeleUnit: 0
  basicASRangeUnit: 0
  basicCoolDownMin: 0
  basicCoolDownMax: 0
  raceType: 0
  atkType: 0
  heartDropRate: 0
  heartNumberMin: 0
  heartNumberMax: 0
  goldNumberMin: 0
  goldNumberMax: 0
  offSetSelectionTop: {x: 0, y: 3.5, z: 0}
  offSetSelectionScaleFoot: {x: 1.5, y: 1.5, z: 1}
  offSetSelectionScaleFX: {x: 0, y: 0, z: 0}
  _monsterAsset: {fileID: 0}
  _currentHP: 100
  _currentSpeedMove: 2
  _currentATKDamage: 30
  _currentASMeeleUnit: 1.5
  _currentASRangeUnit: 1.5
  _currentCoolDownMax: 0
  _currentCoolDownMin: 0
  _isTrap: 0
  imgHealtBar: {fileID: 7174882397034163806}
  imgDamageBar: {fileID: 0}
  healtBar: {fileID: 4806141079133365448}
  hPBar: {fileID: 0}
  isBoss: 0
  EffectDamageType: 0
--- !u!114 &726211214
MonoBehaviour:
  m_ObjectHideFlags: 0
  m_CorrespondingSourceObject: {fileID: 0}
  m_PrefabInstance: {fileID: 0}
  m_PrefabAsset: {fileID: 0}
  m_GameObject: {fileID: 8965586999236383294}
  m_Enabled: 1
  m_EditorHideFlags: 0
  m_Script: {fileID: 11500000, guid: 3ec8d7667a74c2341b0c9657aea4ffcb, type: 3}
  m_Name: 
  m_EditorClassIdentifier: 
  MoveType: 1
  JumpUp: 100
  MoveStep: 0
  UseIsRun: 0
  FollowPlayer: 0
  TimeRandomDir: 2
  DistancePlayer: 3
  UseAI: 0
  ObjCheckInGround: {fileID: 0}
--- !u!114 &726211215
MonoBehaviour:
  m_ObjectHideFlags: 0
  m_CorrespondingSourceObject: {fileID: 0}
  m_PrefabInstance: {fileID: 0}
  m_PrefabAsset: {fileID: 0}
  m_GameObject: {fileID: 8965586999236383294}
  m_Enabled: 1
  m_EditorHideFlags: 0
  m_Script: {fileID: 11500000, guid: f41eb36858e34a8408b734084b80a3a4, type: 3}
  m_Name: 
  m_EditorClassIdentifier: 
  FollowPlayer: 0
  CheckAtk: 0
  CheckDie: 0
  TimeStartATK: 0
  _player: {fileID: 0}
  _myDetail: {fileID: 0}
  isPoision: 0
  isIce: 0
  isBlast: 0
  isCold: 0
  Mesh: {fileID: 7809755223566098843}
  ShadowMesh: {fileID: 7809755223566098843}
  _amin: {fileID: 0}
  material: {fileID: 0}
  textureOld: {fileID: 0}
  textureHit: {fileID: 2800000, guid: 4757b8472c605a045a657ac064a1507b, type: 3}
  textureIce: {fileID: 2800000, guid: a1a49abe0896b1c46b2e3620ffb30140, type: 3}
  Hit: 0
  _timeCoolDownMaxDefault: 0
  _timeCoolDownMinDefault: 0
--- !u!114 &726211213
MonoBehaviour:
  m_ObjectHideFlags: 0
  m_CorrespondingSourceObject: {fileID: 0}
  m_PrefabInstance: {fileID: 0}
  m_PrefabAsset: {fileID: 0}
  m_GameObject: {fileID: 8965586999236383294}
  m_Enabled: 1
  m_EditorHideFlags: 0
  m_Script: {fileID: 11500000, guid: 9bd21ec32af39ea4193b189a726599c4, type: 3}
  m_Name: 
  m_EditorClassIdentifier: 
  isAttack: 1
  ShotType: 0
  TimeDelay: 1
  BulletType: 0
  FollowPlayer: 0
  NumberBullet: 0
  Angle: 0
  OffsetAngle: 0
  bullet: {fileID: 0}
  PosBullet: {fileID: 0}
  Rb: {fileID: 0}
  MyControl: {fileID: 0}
  PlayerObj: {fileID: 0}
  Amin: {fileID: 0}
  AllowMoveWhenSkilling: 0
  _myDetail: {fileID: 0}
  _skilling: 0
  _timelive: 0
  _currentTimeCoolDown: 0
--- !u!114 &726211212
MonoBehaviour:
  m_ObjectHideFlags: 0
  m_CorrespondingSourceObject: {fileID: 0}
  m_PrefabInstance: {fileID: 0}
  m_PrefabAsset: {fileID: 0}
  m_GameObject: {fileID: 8965586999236383294}
  m_Enabled: 1
  m_EditorHideFlags: 0
  m_Script: {fileID: 11500000, guid: b6661afff8aaa0a498411f08eb080fd9, type: 3}
  m_Name: 
  m_EditorClassIdentifier: 
  StartAnimStr: Idle
  InAnimStr: Atk
  EndAnimStr: Idle
  TotalLoop: 0
  TimeOfStartAnim: 0.2
  TimeOfInAnim: 1.5
  TimeOfEndAnim: 1
  TimeCooldown: 5
  SkillPriority: 0
  SkillType: 0
  _skillTimeLive: 0
  _isReady: 1
  bullet: {fileID: 6764544249861613162, guid: f6e9455ad1ced8c40ac689007171955b, type: 3}
  ShootType: 1
  NumberShoot: 3
  SpeedShoot: 0
  TimeMove: 2
  OffSetY: 0
  Auto: 1
  AtMySeft: 0
  LookPlayer: 1
  Shoot: 0
  PosBullet: {fileID: 4824832244481431974}
  Angle: 90
  RandomAngle: 0
  OffsetAngle: 0
  BulletType: 0
  ShootDown: 0
  speedBulletMove: 0.5
--- !u!1001 &7286114695896637762
PrefabInstance:
  m_ObjectHideFlags: 0
  serializedVersion: 2
  m_Modification:
    m_TransformParent: {fileID: 8965586999236873758}
    m_Modifications:
    - target: {fileID: 2859694978836465034, guid: 7e65c06b1b4735f4585e7fb69f1bc0a6,
        type: 3}
      propertyPath: m_Name
      value: HealtBar
      objectReference: {fileID: 0}
    - target: {fileID: 2859694978836465030, guid: 7e65c06b1b4735f4585e7fb69f1bc0a6,
        type: 3}
      propertyPath: m_LocalPosition.x
      value: 0
      objectReference: {fileID: 0}
    - target: {fileID: 2859694978836465030, guid: 7e65c06b1b4735f4585e7fb69f1bc0a6,
        type: 3}
      propertyPath: m_LocalPosition.y
      value: 0
      objectReference: {fileID: 0}
    - target: {fileID: 2859694978836465030, guid: 7e65c06b1b4735f4585e7fb69f1bc0a6,
        type: 3}
      propertyPath: m_LocalPosition.z
      value: 0
      objectReference: {fileID: 0}
    - target: {fileID: 2859694978836465030, guid: 7e65c06b1b4735f4585e7fb69f1bc0a6,
        type: 3}
      propertyPath: m_LocalRotation.x
      value: -0.38268343
      objectReference: {fileID: 0}
    - target: {fileID: 2859694978836465030, guid: 7e65c06b1b4735f4585e7fb69f1bc0a6,
        type: 3}
      propertyPath: m_LocalRotation.y
      value: 0
      objectReference: {fileID: 0}
    - target: {fileID: 2859694978836465030, guid: 7e65c06b1b4735f4585e7fb69f1bc0a6,
        type: 3}
      propertyPath: m_LocalRotation.z
      value: 0
      objectReference: {fileID: 0}
    - target: {fileID: 2859694978836465030, guid: 7e65c06b1b4735f4585e7fb69f1bc0a6,
        type: 3}
      propertyPath: m_LocalRotation.w
      value: 0.92387956
      objectReference: {fileID: 0}
    - target: {fileID: 2859694978836465030, guid: 7e65c06b1b4735f4585e7fb69f1bc0a6,
        type: 3}
      propertyPath: m_RootOrder
      value: 2
      objectReference: {fileID: 0}
    - target: {fileID: 2859694978836465030, guid: 7e65c06b1b4735f4585e7fb69f1bc0a6,
        type: 3}
      propertyPath: m_LocalEulerAnglesHint.x
      value: -45.000004
      objectReference: {fileID: 0}
    - target: {fileID: 2859694978836465030, guid: 7e65c06b1b4735f4585e7fb69f1bc0a6,
        type: 3}
      propertyPath: m_LocalEulerAnglesHint.y
      value: 0
      objectReference: {fileID: 0}
    - target: {fileID: 2859694978836465030, guid: 7e65c06b1b4735f4585e7fb69f1bc0a6,
        type: 3}
      propertyPath: m_LocalEulerAnglesHint.z
      value: 0
      objectReference: {fileID: 0}
    - target: {fileID: 2859694978836465030, guid: 7e65c06b1b4735f4585e7fb69f1bc0a6,
        type: 3}
      propertyPath: m_AnchoredPosition.x
      value: -0.052
      objectReference: {fileID: 0}
    - target: {fileID: 2859694978836465030, guid: 7e65c06b1b4735f4585e7fb69f1bc0a6,
        type: 3}
      propertyPath: m_AnchoredPosition.y
      value: 0.915
      objectReference: {fileID: 0}
    - target: {fileID: 2859694978836465030, guid: 7e65c06b1b4735f4585e7fb69f1bc0a6,
        type: 3}
      propertyPath: m_SizeDelta.x
      value: 2
      objectReference: {fileID: 0}
    - target: {fileID: 2859694978836465030, guid: 7e65c06b1b4735f4585e7fb69f1bc0a6,
        type: 3}
      propertyPath: m_SizeDelta.y
      value: 2
      objectReference: {fileID: 0}
    - target: {fileID: 2859694978836465030, guid: 7e65c06b1b4735f4585e7fb69f1bc0a6,
        type: 3}
      propertyPath: m_AnchorMin.x
      value: 0
      objectReference: {fileID: 0}
    - target: {fileID: 2859694978836465030, guid: 7e65c06b1b4735f4585e7fb69f1bc0a6,
        type: 3}
      propertyPath: m_AnchorMin.y
      value: 0
      objectReference: {fileID: 0}
    - target: {fileID: 2859694978836465030, guid: 7e65c06b1b4735f4585e7fb69f1bc0a6,
        type: 3}
      propertyPath: m_AnchorMax.x
      value: 0
      objectReference: {fileID: 0}
    - target: {fileID: 2859694978836465030, guid: 7e65c06b1b4735f4585e7fb69f1bc0a6,
        type: 3}
      propertyPath: m_AnchorMax.y
      value: 0
      objectReference: {fileID: 0}
    - target: {fileID: 2859694978836465030, guid: 7e65c06b1b4735f4585e7fb69f1bc0a6,
        type: 3}
      propertyPath: m_Pivot.x
      value: 0.5
      objectReference: {fileID: 0}
    - target: {fileID: 2859694978836465030, guid: 7e65c06b1b4735f4585e7fb69f1bc0a6,
        type: 3}
      propertyPath: m_Pivot.y
      value: 0.5
      objectReference: {fileID: 0}
    m_RemovedComponents: []
  m_SourcePrefab: {fileID: 100100000, guid: 7e65c06b1b4735f4585e7fb69f1bc0a6, type: 3}
--- !u!1 &4806141079133365448 stripped
GameObject:
  m_CorrespondingSourceObject: {fileID: 2859694978836465034, guid: 7e65c06b1b4735f4585e7fb69f1bc0a6,
    type: 3}
  m_PrefabInstance: {fileID: 7286114695896637762}
  m_PrefabAsset: {fileID: 0}
--- !u!224 &4806141079133365444 stripped
RectTransform:
  m_CorrespondingSourceObject: {fileID: 2859694978836465030, guid: 7e65c06b1b4735f4585e7fb69f1bc0a6,
    type: 3}
  m_PrefabInstance: {fileID: 7286114695896637762}
  m_PrefabAsset: {fileID: 0}
--- !u!114 &7174882397034163806 stripped
MonoBehaviour:
  m_CorrespondingSourceObject: {fileID: 472657168512880412, guid: 7e65c06b1b4735f4585e7fb69f1bc0a6,
    type: 3}
  m_PrefabInstance: {fileID: 7286114695896637762}
  m_PrefabAsset: {fileID: 0}
  m_GameObject: {fileID: 0}
  m_Enabled: 1
  m_EditorHideFlags: 0
  m_Script: {fileID: -765806418, guid: f70555f144d8491a825f0804e09c671c, type: 3}
  m_Name: 
  m_EditorClassIdentifier: 
