%YAML 1.1
%TAG !u! tag:unity3d.com,2011:
--- !u!1 &1345329664407385729
GameObject:
  m_ObjectHideFlags: 0
  m_CorrespondingSourceObject: {fileID: 0}
  m_PrefabInstance: {fileID: 0}
  m_PrefabAsset: {fileID: 0}
  serializedVersion: 6
  m_Component:
  - component: {fileID: 1345329664407349921}
  m_Layer: 13
  m_Name: Bone004
  m_TagString: Untagged
  m_Icon: {fileID: 0}
  m_NavMeshLayer: 0
  m_StaticEditorFlags: 0
  m_IsActive: 1
--- !u!4 &1345329664407349921
Transform:
  m_ObjectHideFlags: 0
  m_CorrespondingSourceObject: {fileID: 0}
  m_PrefabInstance: {fileID: 0}
  m_PrefabAsset: {fileID: 0}
  m_GameObject: {fileID: 1345329664407385729}
  m_LocalRotation: {x: -1.910209e-15, y: 1.5472221e-15, z: -0.23512346, w: 0.9719655}
  m_LocalPosition: {x: -0.14092079, y: -0.000000095367426, z: -2.9842794e-15}
  m_LocalScale: {x: 1.0000002, y: 1.0000002, z: 1}
  m_Children:
  - {fileID: 3524543404176955416}
  m_Father: {fileID: 3524543404176955412}
  m_RootOrder: 0
  m_LocalEulerAnglesHint: {x: 1.3617772e-14, y: -8.1614504e-15, z: -27.19778}
--- !u!1 &1345329664407385737
GameObject:
  m_ObjectHideFlags: 0
  m_CorrespondingSourceObject: {fileID: 0}
  m_PrefabInstance: {fileID: 0}
  m_PrefabAsset: {fileID: 0}
  serializedVersion: 6
  m_Component:
  - component: {fileID: 1345329664407349929}
  m_Layer: 13
  m_Name: Bone007
  m_TagString: Untagged
  m_Icon: {fileID: 0}
  m_NavMeshLayer: 0
  m_StaticEditorFlags: 0
  m_IsActive: 1
--- !u!4 &1345329664407349929
Transform:
  m_ObjectHideFlags: 0
  m_CorrespondingSourceObject: {fileID: 0}
  m_PrefabInstance: {fileID: 0}
  m_PrefabAsset: {fileID: 0}
  m_GameObject: {fileID: 1345329664407385737}
  m_LocalRotation: {x: 0.1228923, y: -0.051802296, z: 0.84865385, w: 0.51186013}
  m_LocalPosition: {x: -0.23727825, y: 0.000000085830685, z: 0}
  m_LocalScale: {x: 0.99999994, y: 0.99999994, z: 1}
  m_Children:
  - {fileID: 1345329664407349941}
  m_Father: {fileID: 3524543404176955420}
  m_RootOrder: 0
  m_LocalEulerAnglesHint: {x: 16.949205, y: 3.3353112, z: 94.044}
--- !u!1 &1345329664407385745
GameObject:
  m_ObjectHideFlags: 0
  m_CorrespondingSourceObject: {fileID: 0}
  m_PrefabInstance: {fileID: 0}
  m_PrefabAsset: {fileID: 0}
  serializedVersion: 6
  m_Component:
  - component: {fileID: 1345329664407349937}
  m_Layer: 13
  m_Name: Bone010
  m_TagString: Untagged
  m_Icon: {fileID: 0}
  m_NavMeshLayer: 0
  m_StaticEditorFlags: 0
  m_IsActive: 1
--- !u!4 &1345329664407349937
Transform:
  m_ObjectHideFlags: 0
  m_CorrespondingSourceObject: {fileID: 0}
  m_PrefabInstance: {fileID: 0}
  m_PrefabAsset: {fileID: 0}
  m_GameObject: {fileID: 1345329664407385745}
  m_LocalRotation: {x: -0.6428738, y: -0.34584892, z: 0.65966284, w: -0.1787365}
  m_LocalPosition: {x: -0.22282732, y: 0, z: 2.5494274e-13}
  m_LocalScale: {x: 1.0000001, y: 0.99999994, z: 1}
  m_Children:
  - {fileID: 1345329664407349949}
  m_Father: {fileID: 3524543404176955410}
  m_RootOrder: 1
  m_LocalEulerAnglesHint: {x: 43.321976, y: -95.18895, z: 163.31601}
--- !u!1 &1345329664407385747
GameObject:
  m_ObjectHideFlags: 0
  m_CorrespondingSourceObject: {fileID: 0}
  m_PrefabInstance: {fileID: 0}
  m_PrefabAsset: {fileID: 0}
  serializedVersion: 6
  m_Component:
  - component: {fileID: 1345329664407349939}
  m_Layer: 13
  m_Name: Bone008(mirrored)
  m_TagString: Untagged
  m_Icon: {fileID: 0}
  m_NavMeshLayer: 0
  m_StaticEditorFlags: 0
  m_IsActive: 1
--- !u!4 &1345329664407349939
Transform:
  m_ObjectHideFlags: 0
  m_CorrespondingSourceObject: {fileID: 0}
  m_PrefabInstance: {fileID: 0}
  m_PrefabAsset: {fileID: 0}
  m_GameObject: {fileID: 1345329664407385747}
  m_LocalRotation: {x: 0.35659474, y: -0.24883942, z: 0.86416936, w: 0.25323993}
  m_LocalPosition: {x: -0.14461584, y: -0.00000043869017, z: -0.000000019073486}
  m_LocalScale: {x: 0.9999999, y: 0.99999994, z: 1.0000001}
  m_Children:
  - {fileID: 1345329664407349985}
  m_Father: {fileID: 1345329664407349943}
  m_RootOrder: 0
  m_LocalEulerAnglesHint: {x: 21.53214, y: 36.83218, z: 142.30936}
--- !u!1 &1345329664407385749
GameObject:
  m_ObjectHideFlags: 0
  m_CorrespondingSourceObject: {fileID: 0}
  m_PrefabInstance: {fileID: 0}
  m_PrefabAsset: {fileID: 0}
  serializedVersion: 6
  m_Component:
  - component: {fileID: 1345329664407349941}
  m_Layer: 13
  m_Name: Bone008
  m_TagString: Untagged
  m_Icon: {fileID: 0}
  m_NavMeshLayer: 0
  m_StaticEditorFlags: 0
  m_IsActive: 1
--- !u!4 &1345329664407349941
Transform:
  m_ObjectHideFlags: 0
  m_CorrespondingSourceObject: {fileID: 0}
  m_PrefabInstance: {fileID: 0}
  m_PrefabAsset: {fileID: 0}
  m_GameObject: {fileID: 1345329664407385749}
  m_LocalRotation: {x: 0.3565942, y: 0.24883884, z: 0.8641699, w: -0.2532394}
  m_LocalPosition: {x: -0.14461587, y: 0.00000047683716, z: -0.000000019073486}
  m_LocalScale: {x: 1.0000002, y: 1.0000002, z: 1}
  m_Children:
  - {fileID: 1345329664407349987}
  m_Father: {fileID: 1345329664407349929}
  m_RootOrder: 0
  m_LocalEulerAnglesHint: {x: -21.531956, y: 36.832058, z: -142.30936}
--- !u!1 &1345329664407385751
GameObject:
  m_ObjectHideFlags: 0
  m_CorrespondingSourceObject: {fileID: 0}
  m_PrefabInstance: {fileID: 0}
  m_PrefabAsset: {fileID: 0}
  serializedVersion: 6
  m_Component:
  - component: {fileID: 1345329664407349943}
  m_Layer: 13
  m_Name: Bone007(mirrored)
  m_TagString: Untagged
  m_Icon: {fileID: 0}
  m_NavMeshLayer: 0
  m_StaticEditorFlags: 0
  m_IsActive: 1
--- !u!4 &1345329664407349943
Transform:
  m_ObjectHideFlags: 0
  m_CorrespondingSourceObject: {fileID: 0}
  m_PrefabInstance: {fileID: 0}
  m_PrefabAsset: {fileID: 0}
  m_GameObject: {fileID: 1345329664407385751}
  m_LocalRotation: {x: -0.122892596, y: -0.051802486, z: -0.8486539, w: 0.51185983}
  m_LocalPosition: {x: -0.23727821, y: -0.000000057220458, z: 0.000000019073486}
  m_LocalScale: {x: 1.0000001, y: 1, z: 1}
  m_Children:
  - {fileID: 1345329664407349939}
  m_Father: {fileID: 3524543404176955422}
  m_RootOrder: 0
  m_LocalEulerAnglesHint: {x: -16.94926, y: 3.3353214, z: -94.044014}
--- !u!1 &1345329664407385753
GameObject:
  m_ObjectHideFlags: 0
  m_CorrespondingSourceObject: {fileID: 0}
  m_PrefabInstance: {fileID: 0}
  m_PrefabAsset: {fileID: 0}
  serializedVersion: 6
  m_Component:
  - component: {fileID: 1345329664407349945}
  m_Layer: 13
  m_Name: Bone012
  m_TagString: Untagged
  m_Icon: {fileID: 0}
  m_NavMeshLayer: 0
  m_StaticEditorFlags: 0
  m_IsActive: 1
--- !u!4 &1345329664407349945
Transform:
  m_ObjectHideFlags: 0
  m_CorrespondingSourceObject: {fileID: 0}
  m_PrefabInstance: {fileID: 0}
  m_PrefabAsset: {fileID: 0}
  m_GameObject: {fileID: 1345329664407385753}
  m_LocalRotation: {x: 0.039085586, y: 0.108244956, z: -0.14558409, w: 0.9826295}
  m_LocalPosition: {x: -0.21238098, y: -0.00000019073485, z: 0.000000019073486}
  m_LocalScale: {x: 0.9999999, y: 0.9999998, z: 0.99999994}
  m_Children:
  - {fileID: 1345329664407349893}
  m_Father: {fileID: 1345329664407349949}
  m_RootOrder: 0
  m_LocalEulerAnglesHint: {x: 2.6642642, y: -0.11263708, z: 0.15208253}
--- !u!1 &1345329664407385755
GameObject:
  m_ObjectHideFlags: 0
  m_CorrespondingSourceObject: {fileID: 0}
  m_PrefabInstance: {fileID: 0}
  m_PrefabAsset: {fileID: 0}
  serializedVersion: 6
  m_Component:
  - component: {fileID: 1345329664407349947}
  m_Layer: 13
  m_Name: Bone011(mirrored)
  m_TagString: Untagged
  m_Icon: {fileID: 0}
  m_NavMeshLayer: 0
  m_StaticEditorFlags: 0
  m_IsActive: 1
--- !u!4 &1345329664407349947
Transform:
  m_ObjectHideFlags: 0
  m_CorrespondingSourceObject: {fileID: 0}
  m_PrefabInstance: {fileID: 0}
  m_PrefabAsset: {fileID: 0}
  m_GameObject: {fileID: 1345329664407385755}
  m_LocalRotation: {x: 0.0030055009, y: -0.00581578, z: 0.45137793, w: 0.8923089}
  m_LocalPosition: {x: -0.19708496, y: 0.000000114440915, z: -0.000000076293944}
  m_LocalScale: {x: 1.0000002, y: 1.0000001, z: 0.9999998}
  m_Children:
  - {fileID: 1345329664407349895}
  m_Father: {fileID: 1345329664407349951}
  m_RootOrder: 0
  m_LocalEulerAnglesHint: {x: -3.3707004, y: 2.376897, z: 63.474487}
--- !u!1 &1345329664407385757
GameObject:
  m_ObjectHideFlags: 0
  m_CorrespondingSourceObject: {fileID: 0}
  m_PrefabInstance: {fileID: 0}
  m_PrefabAsset: {fileID: 0}
  serializedVersion: 6
  m_Component:
  - component: {fileID: 1345329664407349949}
  m_Layer: 13
  m_Name: Bone011
  m_TagString: Untagged
  m_Icon: {fileID: 0}
  m_NavMeshLayer: 0
  m_StaticEditorFlags: 0
  m_IsActive: 1
--- !u!4 &1345329664407349949
Transform:
  m_ObjectHideFlags: 0
  m_CorrespondingSourceObject: {fileID: 0}
  m_PrefabInstance: {fileID: 0}
  m_PrefabAsset: {fileID: 0}
  m_GameObject: {fileID: 1345329664407385757}
  m_LocalRotation: {x: -0.0030014731, y: -0.005818336, z: -0.45137852, w: 0.8923086}
  m_LocalPosition: {x: -0.19708496, y: -0.00000015258789, z: -0.000000019073486}
  m_LocalScale: {x: 1, y: 0.9999999, z: 0.99999994}
  m_Children:
  - {fileID: 1345329664407349945}
  m_Father: {fileID: 1345329664407349937}
  m_RootOrder: 0
  m_LocalEulerAnglesHint: {x: 3.3707767, y: 2.3769357, z: -63.474487}
--- !u!1 &1345329664407385759
GameObject:
  m_ObjectHideFlags: 0
  m_CorrespondingSourceObject: {fileID: 0}
  m_PrefabInstance: {fileID: 0}
  m_PrefabAsset: {fileID: 0}
  serializedVersion: 6
  m_Component:
  - component: {fileID: 1345329664407349951}
  m_Layer: 13
  m_Name: Bone010(mirrored)
  m_TagString: Untagged
  m_Icon: {fileID: 0}
  m_NavMeshLayer: 0
  m_StaticEditorFlags: 0
  m_IsActive: 1
--- !u!4 &1345329664407349951
Transform:
  m_ObjectHideFlags: 0
  m_CorrespondingSourceObject: {fileID: 0}
  m_PrefabInstance: {fileID: 0}
  m_PrefabAsset: {fileID: 0}
  m_GameObject: {fileID: 1345329664407385759}
  m_LocalRotation: {x: 0.17873627, y: -0.65966296, z: 0.34584886, w: 0.64287376}
  m_LocalPosition: {x: -0.22282743, y: 0.000000019073486, z: -7.105427e-16}
  m_LocalScale: {x: 1, y: 1, z: 1.0000001}
  m_Children:
  - {fileID: 1345329664407349947}
  m_Father: {fileID: 3524543404176955410}
  m_RootOrder: 2
  m_LocalEulerAnglesHint: {x: 43.32194, y: -84.81106, z: 16.683987}
--- !u!1 &1345329664407385793
GameObject:
  m_ObjectHideFlags: 0
  m_CorrespondingSourceObject: {fileID: 0}
  m_PrefabInstance: {fileID: 0}
  m_PrefabAsset: {fileID: 0}
  serializedVersion: 6
  m_Component:
  - component: {fileID: 1345329664407349985}
  m_Layer: 13
  m_Name: Top_Bone015(mirrored)
  m_TagString: Untagged
  m_Icon: {fileID: 0}
  m_NavMeshLayer: 0
  m_StaticEditorFlags: 0
  m_IsActive: 1
--- !u!4 &1345329664407349985
Transform:
  m_ObjectHideFlags: 0
  m_CorrespondingSourceObject: {fileID: 0}
  m_PrefabInstance: {fileID: 0}
  m_PrefabAsset: {fileID: 0}
  m_GameObject: {fileID: 1345329664407385793}
  m_LocalRotation: {x: 0.00000022351745, y: -0.00000001862645, z: 0.000000014901167,
    w: 1}
  m_LocalPosition: {x: -0.12261879, y: -0.000000009536743, z: 0.000000019073486}
  m_LocalScale: {x: 0.99999994, y: 0.99999994, z: 0.99999976}
  m_Children: []
  m_Father: {fileID: 1345329664407349939}
  m_RootOrder: 0
  m_LocalEulerAnglesHint: {x: 0.00001878302, y: 5.597776e-13, z: 0.0000017075472}
--- !u!1 &1345329664407385795
GameObject:
  m_ObjectHideFlags: 0
  m_CorrespondingSourceObject: {fileID: 0}
  m_PrefabInstance: {fileID: 0}
  m_PrefabAsset: {fileID: 0}
  serializedVersion: 6
  m_Component:
  - component: {fileID: 1345329664407349987}
  m_Layer: 13
  m_Name: Top_Bone015
  m_TagString: Untagged
  m_Icon: {fileID: 0}
  m_NavMeshLayer: 0
  m_StaticEditorFlags: 0
  m_IsActive: 1
--- !u!4 &1345329664407349987
Transform:
  m_ObjectHideFlags: 0
  m_CorrespondingSourceObject: {fileID: 0}
  m_PrefabInstance: {fileID: 0}
  m_PrefabAsset: {fileID: 0}
  m_GameObject: {fileID: 1345329664407385795}
  m_LocalRotation: {x: 0.000000029802322, y: 0.0000000074505815, z: 0.0000000074505815,
    w: 1}
  m_LocalPosition: {x: -0.12261874, y: -0.000000019073486, z: 0.000000038146972}
  m_LocalScale: {x: 0.99999994, y: 1.0000001, z: 0.99999994}
  m_Children: []
  m_Father: {fileID: 1345329664407349941}
  m_RootOrder: 0
  m_LocalEulerAnglesHint: {x: -5.0888886e-14, y: 0.0000008537737, z: 0.0000034150949}
--- !u!1 &1345329664407385797
GameObject:
  m_ObjectHideFlags: 0
  m_CorrespondingSourceObject: {fileID: 0}
  m_PrefabInstance: {fileID: 0}
  m_PrefabAsset: {fileID: 0}
  serializedVersion: 6
  m_Component:
  - component: {fileID: 1345329664407349989}
  m_Layer: 13
  m_Name: Top_Bone014(mirrored)
  m_TagString: Untagged
  m_Icon: {fileID: 0}
  m_NavMeshLayer: 0
  m_StaticEditorFlags: 0
  m_IsActive: 1
--- !u!4 &1345329664407349989
Transform:
  m_ObjectHideFlags: 0
  m_CorrespondingSourceObject: {fileID: 0}
  m_PrefabInstance: {fileID: 0}
  m_PrefabAsset: {fileID: 0}
  m_GameObject: {fileID: 1345329664407385797}
  m_LocalRotation: {x: 0.000000001629766, y: -0.00000011920929, z: -0.0000004004687,
    w: 1}
  m_LocalPosition: {x: -0.095700145, y: 0.000000019073486, z: -0.0000001335144}
  m_LocalScale: {x: 1.0000001, y: 1.0000004, z: 1.0000002}
  m_Children: []
  m_Father: {fileID: 1345329664407349891}
  m_RootOrder: 0
  m_LocalEulerAnglesHint: {x: 0, y: 0, z: 0}
--- !u!1 &1345329664407385799
GameObject:
  m_ObjectHideFlags: 0
  m_CorrespondingSourceObject: {fileID: 0}
  m_PrefabInstance: {fileID: 0}
  m_PrefabAsset: {fileID: 0}
  serializedVersion: 6
  m_Component:
  - component: {fileID: 1345329664407349991}
  m_Layer: 13
  m_Name: Top_Bone014
  m_TagString: Untagged
  m_Icon: {fileID: 0}
  m_NavMeshLayer: 0
  m_StaticEditorFlags: 0
  m_IsActive: 1
--- !u!4 &1345329664407349991
Transform:
  m_ObjectHideFlags: 0
  m_CorrespondingSourceObject: {fileID: 0}
  m_PrefabInstance: {fileID: 0}
  m_PrefabAsset: {fileID: 0}
  m_GameObject: {fileID: 1345329664407385799}
  m_LocalRotation: {x: -0.00000024423932, y: -0.00000015646226, z: 0.00000023096798,
    w: 1}
  m_LocalPosition: {x: -0.09570018, y: -0.000000019073486, z: -0.000000076293944}
  m_LocalScale: {x: 1, y: 1.0000001, z: 1.0000001}
  m_Children: []
  m_Father: {fileID: 1345329664407349893}
  m_RootOrder: 0
  m_LocalEulerAnglesHint: {x: 0, y: 0, z: 0}
--- !u!1 &1345329664407385825
GameObject:
  m_ObjectHideFlags: 0
  m_CorrespondingSourceObject: {fileID: 0}
  m_PrefabInstance: {fileID: 0}
  m_PrefabAsset: {fileID: 0}
  serializedVersion: 6
  m_Component:
  - component: {fileID: 1345329664407349889}
  m_Layer: 13
  m_Name: Bone016
  m_TagString: Untagged
  m_Icon: {fileID: 0}
  m_NavMeshLayer: 0
  m_StaticEditorFlags: 0
  m_IsActive: 1
--- !u!4 &1345329664407349889
Transform:
  m_ObjectHideFlags: 0
  m_CorrespondingSourceObject: {fileID: 0}
  m_PrefabInstance: {fileID: 0}
  m_PrefabAsset: {fileID: 0}
  m_GameObject: {fileID: 1345329664407385825}
  m_LocalRotation: {x: 0.000000019616353, y: 0.000000058622263, z: 0.89494544, w: -0.44617563}
  m_LocalPosition: {x: -0.05292575, y: 0.089496404, z: -0.000000038146975}
  m_LocalScale: {x: 1, y: 1, z: 1}
  m_Children:
  - {fileID: 1345329664407349903}
  m_Father: {fileID: 3524543404176955408}
  m_RootOrder: 3
  m_LocalEulerAnglesHint: {x: 0, y: 0, z: 0}
--- !u!1 &1345329664407385827
GameObject:
  m_ObjectHideFlags: 0
  m_CorrespondingSourceObject: {fileID: 0}
  m_PrefabInstance: {fileID: 0}
  m_PrefabAsset: {fileID: 0}
  serializedVersion: 6
  m_Component:
  - component: {fileID: 1345329664407349891}
  m_Layer: 13
  m_Name: Bone013(mirrored)
  m_TagString: Untagged
  m_Icon: {fileID: 0}
  m_NavMeshLayer: 0
  m_StaticEditorFlags: 0
  m_IsActive: 1
--- !u!4 &1345329664407349891
Transform:
  m_ObjectHideFlags: 0
  m_CorrespondingSourceObject: {fileID: 0}
  m_PrefabInstance: {fileID: 0}
  m_PrefabAsset: {fileID: 0}
  m_GameObject: {fileID: 1345329664407385827}
  m_LocalRotation: {x: -0.01978455, y: -0.19769128, z: 0.027493464, w: 0.979679}
  m_LocalPosition: {x: -0.17081684, y: 0.00000061035155, z: 0.000000038146972}
  m_LocalScale: {x: 0.9999998, y: 0.9999999, z: 1.0000001}
  m_Children:
  - {fileID: 1345329664407349989}
  m_Father: {fileID: 1345329664407349895}
  m_RootOrder: 0
  m_LocalEulerAnglesHint: {x: -1.598447, y: -22.866611, z: 3.5383177}
--- !u!1 &1345329664407385829
GameObject:
  m_ObjectHideFlags: 0
  m_CorrespondingSourceObject: {fileID: 0}
  m_PrefabInstance: {fileID: 0}
  m_PrefabAsset: {fileID: 0}
  serializedVersion: 6
  m_Component:
  - component: {fileID: 1345329664407349893}
  m_Layer: 13
  m_Name: Bone013
  m_TagString: Untagged
  m_Icon: {fileID: 0}
  m_NavMeshLayer: 0
  m_StaticEditorFlags: 0
  m_IsActive: 1
--- !u!4 &1345329664407349893
Transform:
  m_ObjectHideFlags: 0
  m_CorrespondingSourceObject: {fileID: 0}
  m_PrefabInstance: {fileID: 0}
  m_PrefabAsset: {fileID: 0}
  m_GameObject: {fileID: 1345329664407385829}
  m_LocalRotation: {x: 0.019784503, y: -0.19769129, z: -0.027493218, w: 0.979679}
  m_LocalPosition: {x: -0.17081687, y: -0.00000061035155, z: 0}
  m_LocalScale: {x: 1, y: 1, z: 1}
  m_Children:
  - {fileID: 1345329664407349991}
  m_Father: {fileID: 1345329664407349945}
  m_RootOrder: 0
  m_LocalEulerAnglesHint: {x: 1.5984491, y: -22.86661, z: -3.5382874}
--- !u!1 &1345329664407385831
GameObject:
  m_ObjectHideFlags: 0
  m_CorrespondingSourceObject: {fileID: 0}
  m_PrefabInstance: {fileID: 0}
  m_PrefabAsset: {fileID: 0}
  serializedVersion: 6
  m_Component:
  - component: {fileID: 1345329664407349895}
  m_Layer: 13
  m_Name: Bone012(mirrored)
  m_TagString: Untagged
  m_Icon: {fileID: 0}
  m_NavMeshLayer: 0
  m_StaticEditorFlags: 0
  m_IsActive: 1
--- !u!4 &1345329664407349895
Transform:
  m_ObjectHideFlags: 0
  m_CorrespondingSourceObject: {fileID: 0}
  m_PrefabInstance: {fileID: 0}
  m_PrefabAsset: {fileID: 0}
  m_GameObject: {fileID: 1345329664407385831}
  m_LocalRotation: {x: -0.03908549, y: 0.1082454, z: 0.14558385, w: 0.9826295}
  m_LocalPosition: {x: -0.21238089, y: 0.00000034332274, z: 0}
  m_LocalScale: {x: 0.9999999, y: 1.0000002, z: 1}
  m_Children:
  - {fileID: 1345329664407349891}
  m_Father: {fileID: 1345329664407349947}
  m_RootOrder: 0
  m_LocalEulerAnglesHint: {x: -2.6642473, y: -0.11258439, z: -0.15201414}
--- !u!1 &1345329664407385833
GameObject:
  m_ObjectHideFlags: 0
  m_CorrespondingSourceObject: {fileID: 0}
  m_PrefabInstance: {fileID: 0}
  m_PrefabAsset: {fileID: 0}
  serializedVersion: 6
  m_Component:
  - component: {fileID: 1345329664407349897}
  m_Layer: 13
  m_Name: Bone020
  m_TagString: Untagged
  m_Icon: {fileID: 0}
  m_NavMeshLayer: 0
  m_StaticEditorFlags: 0
  m_IsActive: 1
--- !u!4 &1345329664407349897
Transform:
  m_ObjectHideFlags: 0
  m_CorrespondingSourceObject: {fileID: 0}
  m_PrefabInstance: {fileID: 0}
  m_PrefabAsset: {fileID: 0}
  m_GameObject: {fileID: 1345329664407385833}
  m_LocalRotation: {x: -0.005194522, y: -0.123722546, z: -0.02709517, w: 0.9919333}
  m_LocalPosition: {x: -0.26299438, y: -0.000000019073486, z: -0.000000076293944}
  m_LocalScale: {x: 1.0000001, y: 1.0000001, z: 1}
  m_Children: []
  m_Father: {fileID: 1345329664407349899}
  m_RootOrder: 0
  m_LocalEulerAnglesHint: {x: 0, y: 0, z: 0}
--- !u!1 &1345329664407385835
GameObject:
  m_ObjectHideFlags: 0
  m_CorrespondingSourceObject: {fileID: 0}
  m_PrefabInstance: {fileID: 0}
  m_PrefabAsset: {fileID: 0}
  serializedVersion: 6
  m_Component:
  - component: {fileID: 1345329664407349899}
  m_Layer: 13
  m_Name: Bone019
  m_TagString: Untagged
  m_Icon: {fileID: 0}
  m_NavMeshLayer: 0
  m_StaticEditorFlags: 0
  m_IsActive: 1
--- !u!4 &1345329664407349899
Transform:
  m_ObjectHideFlags: 0
  m_CorrespondingSourceObject: {fileID: 0}
  m_PrefabInstance: {fileID: 0}
  m_PrefabAsset: {fileID: 0}
  m_GameObject: {fileID: 1345329664407385835}
  m_LocalRotation: {x: -0.027669875, y: 0.19062093, z: 0.13212092, w: 0.9723385}
  m_LocalPosition: {x: -0.21853912, y: -0.0000001335144, z: 0.000000009536743}
  m_LocalScale: {x: 1.0000004, y: 1.0000004, z: 1}
  m_Children:
  - {fileID: 1345329664407349897}
  m_Father: {fileID: 1345329664407349901}
  m_RootOrder: 0
  m_LocalEulerAnglesHint: {x: -5.9798684, y: 21.430525, z: 14.343323}
--- !u!1 &1345329664407385837
GameObject:
  m_ObjectHideFlags: 0
  m_CorrespondingSourceObject: {fileID: 0}
  m_PrefabInstance: {fileID: 0}
  m_PrefabAsset: {fileID: 0}
  serializedVersion: 6
  m_Component:
  - component: {fileID: 1345329664407349901}
  m_Layer: 13
  m_Name: Bone018
  m_TagString: Untagged
  m_Icon: {fileID: 0}
  m_NavMeshLayer: 0
  m_StaticEditorFlags: 0
  m_IsActive: 1
--- !u!4 &1345329664407349901
Transform:
  m_ObjectHideFlags: 0
  m_CorrespondingSourceObject: {fileID: 0}
  m_PrefabInstance: {fileID: 0}
  m_PrefabAsset: {fileID: 0}
  m_GameObject: {fileID: 1345329664407385837}
  m_LocalRotation: {x: -0.015666949, y: 0.12764351, z: 0.121070385, w: 0.98427826}
  m_LocalPosition: {x: -0.21912602, y: -0.000000019073486, z: 0.000000009536743}
  m_LocalScale: {x: 0.99999976, y: 0.99999976, z: 1}
  m_Children:
  - {fileID: 1345329664407349899}
  m_Father: {fileID: 1345329664407349903}
  m_RootOrder: 0
  m_LocalEulerAnglesHint: {x: -3.5402057, y: 14.356415, z: 13.578787}
--- !u!1 &1345329664407385839
GameObject:
  m_ObjectHideFlags: 0
  m_CorrespondingSourceObject: {fileID: 0}
  m_PrefabInstance: {fileID: 0}
  m_PrefabAsset: {fileID: 0}
  serializedVersion: 6
  m_Component:
  - component: {fileID: 1345329664407349903}
  m_Layer: 13
  m_Name: Bone017
  m_TagString: Untagged
  m_Icon: {fileID: 0}
  m_NavMeshLayer: 0
  m_StaticEditorFlags: 0
  m_IsActive: 1
--- !u!4 &1345329664407349903
Transform:
  m_ObjectHideFlags: 0
  m_CorrespondingSourceObject: {fileID: 0}
  m_PrefabInstance: {fileID: 0}
  m_PrefabAsset: {fileID: 0}
  m_GameObject: {fileID: 1345329664407385839}
  m_LocalRotation: {x: 0.017502062, y: -0.12554713, z: 0.13695683, w: 0.98243296}
  m_LocalPosition: {x: -0.105602264, y: -0.000000038146972, z: 0.000000011850461}
  m_LocalScale: {x: 1, y: 1, z: 1}
  m_Children:
  - {fileID: 1345329664407349901}
  m_Father: {fileID: 1345329664407349889}
  m_RootOrder: 0
  m_LocalEulerAnglesHint: {x: 3.9438186, y: -14.031973, z: 15.386886}
--- !u!1 &1345329664407385841
GameObject:
  m_ObjectHideFlags: 0
  m_CorrespondingSourceObject: {fileID: 0}
  m_PrefabInstance: {fileID: 0}
  m_PrefabAsset: {fileID: 0}
  serializedVersion: 6
  m_Component:
  - component: {fileID: 1345329664407349905}
  m_Layer: 13
  m_Name: IK Chain004
  m_TagString: Untagged
  m_Icon: {fileID: 0}
  m_NavMeshLayer: 0
  m_StaticEditorFlags: 0
  m_IsActive: 1
--- !u!4 &1345329664407349905
Transform:
  m_ObjectHideFlags: 0
  m_CorrespondingSourceObject: {fileID: 0}
  m_PrefabInstance: {fileID: 0}
  m_PrefabAsset: {fileID: 0}
  m_GameObject: {fileID: 1345329664407385841}
  m_LocalRotation: {x: -0.7071068, y: 0, z: -0, w: 0.7071068}
  m_LocalPosition: {x: -0.24919155, y: 0.01629324, z: 0.045296352}
  m_LocalScale: {x: 1, y: 1, z: 1}
  m_Children:
  - {fileID: 1345329664407349909}
  m_Father: {fileID: 3524543404176955398}
  m_RootOrder: 2
  m_LocalEulerAnglesHint: {x: -90, y: 0, z: 0}
--- !u!1 &1345329664407385843
GameObject:
  m_ObjectHideFlags: 0
  m_CorrespondingSourceObject: {fileID: 0}
  m_PrefabInstance: {fileID: 0}
  m_PrefabAsset: {fileID: 0}
  serializedVersion: 6
  m_Component:
  - component: {fileID: 1345329664407349907}
  m_Layer: 13
  m_Name: IK Chain003
  m_TagString: Untagged
  m_Icon: {fileID: 0}
  m_NavMeshLayer: 0
  m_StaticEditorFlags: 0
  m_IsActive: 1
--- !u!4 &1345329664407349907
Transform:
  m_ObjectHideFlags: 0
  m_CorrespondingSourceObject: {fileID: 0}
  m_PrefabInstance: {fileID: 0}
  m_PrefabAsset: {fileID: 0}
  m_GameObject: {fileID: 1345329664407385843}
  m_LocalRotation: {x: -0.7071068, y: 0, z: -0, w: 0.7071068}
  m_LocalPosition: {x: 0.24832399, y: 0.016293226, z: 0.045296486}
  m_LocalScale: {x: 1, y: 1, z: 1}
  m_Children:
  - {fileID: 1345329664407349911}
  m_Father: {fileID: 3524543404176955398}
  m_RootOrder: 1
  m_LocalEulerAnglesHint: {x: -90, y: 0, z: 0}
--- !u!1 &1345329664407385845
GameObject:
  m_ObjectHideFlags: 0
  m_CorrespondingSourceObject: {fileID: 0}
  m_PrefabInstance: {fileID: 0}
  m_PrefabAsset: {fileID: 0}
  serializedVersion: 6
  m_Component:
  - component: {fileID: 1345329664407349909}
  m_Layer: 13
  m_Name: IK Chain002
  m_TagString: Untagged
  m_Icon: {fileID: 0}
  m_NavMeshLayer: 0
  m_StaticEditorFlags: 0
  m_IsActive: 1
--- !u!4 &1345329664407349909
Transform:
  m_ObjectHideFlags: 0
  m_CorrespondingSourceObject: {fileID: 0}
  m_PrefabInstance: {fileID: 0}
  m_PrefabAsset: {fileID: 0}
  m_GameObject: {fileID: 1345329664407385845}
  m_LocalRotation: {x: 0, y: -0, z: -0, w: 1}
  m_LocalPosition: {x: 0.001875801, y: 0.118036576, z: 0.03315439}
  m_LocalScale: {x: 1, y: 1, z: 1}
  m_Children: []
  m_Father: {fileID: 1345329664407349905}
  m_RootOrder: 0
  m_LocalEulerAnglesHint: {x: 0, y: 0, z: 0}
--- !u!1 &1345329664407385847
GameObject:
  m_ObjectHideFlags: 0
  m_CorrespondingSourceObject: {fileID: 0}
  m_PrefabInstance: {fileID: 0}
  m_PrefabAsset: {fileID: 0}
  serializedVersion: 6
  m_Component:
  - component: {fileID: 1345329664407349911}
  - component: {fileID: 1841351623}
  - component: {fileID: 1841351622}
  m_Layer: 13
  m_Name: IK Chain001
  m_TagString: Untagged
  m_Icon: {fileID: 0}
  m_NavMeshLayer: 0
  m_StaticEditorFlags: 0
  m_IsActive: 1
--- !u!4 &1345329664407349911
Transform:
  m_ObjectHideFlags: 0
  m_CorrespondingSourceObject: {fileID: 0}
  m_PrefabInstance: {fileID: 0}
  m_PrefabAsset: {fileID: 0}
  m_GameObject: {fileID: 1345329664407385847}
  m_LocalRotation: {x: 0, y: -0, z: -0, w: 1}
  m_LocalPosition: {x: -0.0018757248, y: 0.1180366, z: 0.03315434}
  m_LocalScale: {x: 1, y: 1, z: 1}
  m_Children: []
  m_Father: {fileID: 1345329664407349907}
  m_RootOrder: 0
  m_LocalEulerAnglesHint: {x: 0, y: 0, z: 0}
--- !u!65 &1841351623
BoxCollider:
  m_ObjectHideFlags: 0
  m_CorrespondingSourceObject: {fileID: 0}
  m_PrefabInstance: {fileID: 0}
  m_PrefabAsset: {fileID: 0}
  m_GameObject: {fileID: 1345329664407385847}
  m_Material: {fileID: 0}
  m_IsTrigger: 1
  m_Enabled: 1
  serializedVersion: 2
  m_Size: {x: 0.2, y: 0.2, z: 1}
  m_Center: {x: 0, y: 0, z: 0.32}
--- !u!114 &1841351622
MonoBehaviour:
  m_ObjectHideFlags: 0
  m_CorrespondingSourceObject: {fileID: 0}
  m_PrefabInstance: {fileID: 0}
  m_PrefabAsset: {fileID: 0}
  m_GameObject: {fileID: 1345329664407385847}
  m_Enabled: 1
  m_EditorHideFlags: 0
  m_Script: {fileID: 11500000, guid: 58918606b2f094545974f4d450f1a2de, type: 3}
  m_Name: 
  m_EditorClassIdentifier: 
  InGround: 0
--- !u!1 &1345329664407385849
GameObject:
  m_ObjectHideFlags: 0
  m_CorrespondingSourceObject: {fileID: 0}
  m_PrefabInstance: {fileID: 0}
  m_PrefabAsset: {fileID: 0}
  serializedVersion: 6
  m_Component:
  - component: {fileID: 1345329664407349913}
  - component: {fileID: 1345329664395885447}
  m_Layer: 13
  m_Name: Model
  m_TagString: Untagged
  m_Icon: {fileID: 0}
  m_NavMeshLayer: 0
  m_StaticEditorFlags: 0
  m_IsActive: 1
--- !u!4 &1345329664407349913
Transform:
  m_ObjectHideFlags: 0
  m_CorrespondingSourceObject: {fileID: 0}
  m_PrefabInstance: {fileID: 0}
  m_PrefabAsset: {fileID: 0}
  m_GameObject: {fileID: 1345329664407385849}
  m_LocalRotation: {x: -0.7071068, y: 0, z: -0, w: 0.7071068}
  m_LocalPosition: {x: -0, y: 0, z: 0}
  m_LocalScale: {x: 1, y: 1, z: 1}
  m_Children: []
  m_Father: {fileID: 3524543404176955398}
  m_RootOrder: 5
  m_LocalEulerAnglesHint: {x: 0, y: 0, z: 0}
--- !u!137 &1345329664395885447
SkinnedMeshRenderer:
  m_ObjectHideFlags: 0
  m_CorrespondingSourceObject: {fileID: 0}
  m_PrefabInstance: {fileID: 0}
  m_PrefabAsset: {fileID: 0}
  m_GameObject: {fileID: 1345329664407385849}
  m_Enabled: 1
  m_CastShadows: 1
  m_ReceiveShadows: 1
  m_DynamicOccludee: 1
  m_MotionVectors: 1
  m_LightProbeUsage: 1
  m_ReflectionProbeUsage: 1
  m_RenderingLayerMask: 1
  m_RendererPriority: 0
  m_Materials:
  - {fileID: 2100000, guid: c640899cf7d2dd948afb73dcbe27fca3, type: 2}
  m_StaticBatchInfo:
    firstSubMesh: 0
    subMeshCount: 0
  m_StaticBatchRoot: {fileID: 0}
  m_ProbeAnchor: {fileID: 0}
  m_LightProbeVolumeOverride: {fileID: 0}
  m_ScaleInLightmap: 1
  m_PreserveUVs: 0
  m_IgnoreNormalsForChartDetection: 0
  m_ImportantGI: 0
  m_StitchLightmapSeams: 0
  m_SelectedEditorRenderState: 3
  m_MinimumChartSize: 4
  m_AutoUVMaxDistance: 0.5
  m_AutoUVMaxAngle: 89
  m_LightmapParameters: {fileID: 0}
  m_SortingLayerID: 0
  m_SortingLayer: 0
  m_SortingOrder: 0
  serializedVersion: 2
  m_Quality: 0
  m_UpdateWhenOffscreen: 0
  m_SkinnedMotionVectors: 1
  m_Mesh: {fileID: 4300000, guid: a3940a54ce0d8f245b02c4ef6067b82d, type: 3}
  m_Bones:
  - {fileID: 3524543404176955408}
  - {fileID: 3524543404176955410}
  - {fileID: 3524543404176955420}
  - {fileID: 3524543404176955422}
  - {fileID: 3524543404176955412}
  - {fileID: 1345329664407349921}
  - {fileID: 1345329664407349929}
  - {fileID: 1345329664407349941}
  - {fileID: 1345329664407349949}
  - {fileID: 1345329664407349945}
  - {fileID: 1345329664407349893}
  - {fileID: 3524543404176955416}
  - {fileID: 1345329664407349903}
  - {fileID: 1345329664407349899}
  - {fileID: 1345329664407349897}
  - {fileID: 1345329664407349901}
  - {fileID: 1345329664407349943}
  - {fileID: 1345329664407349939}
  - {fileID: 1345329664407349947}
  - {fileID: 1345329664407349895}
  - {fileID: 1345329664407349891}
  m_BlendShapeWeights: []
  m_RootBone: {fileID: 3524543404176955408}
  m_AABB:
    m_Center: {x: -0.5429113, y: 0.22890411, z: -0.00000008940697}
    m_Extent: {x: 0.77404547, y: 0.68246675, z: 0.49334747}
  m_DirtyAABB: 0
--- !u!1 &1345329664407385853
GameObject:
  m_ObjectHideFlags: 0
  m_CorrespondingSourceObject: {fileID: 0}
  m_PrefabInstance: {fileID: 0}
  m_PrefabAsset: {fileID: 0}
  serializedVersion: 6
  m_Component:
  - component: {fileID: 1345329664407349917}
  m_Layer: 13
  m_Name: IK Chain006
  m_TagString: Untagged
  m_Icon: {fileID: 0}
  m_NavMeshLayer: 0
  m_StaticEditorFlags: 0
  m_IsActive: 1
--- !u!4 &1345329664407349917
Transform:
  m_ObjectHideFlags: 0
  m_CorrespondingSourceObject: {fileID: 0}
  m_PrefabInstance: {fileID: 0}
  m_PrefabAsset: {fileID: 0}
  m_GameObject: {fileID: 1345329664407385853}
  m_LocalRotation: {x: -0.7071068, y: 0, z: -0, w: 0.7071068}
  m_LocalPosition: {x: -0.29232228, y: 0.0802342, z: 0.32439002}
  m_LocalScale: {x: 1, y: 1, z: 1}
  m_Children: []
  m_Father: {fileID: 3524543404176955398}
  m_RootOrder: 4
  m_LocalEulerAnglesHint: {x: -90, y: 0, z: 0}
--- !u!1 &1345329664407385855
GameObject:
  m_ObjectHideFlags: 0
  m_CorrespondingSourceObject: {fileID: 0}
  m_PrefabInstance: {fileID: 0}
  m_PrefabAsset: {fileID: 0}
  serializedVersion: 6
  m_Component:
  - component: {fileID: 1345329664407349919}
  m_Layer: 13
  m_Name: IK Chain005
  m_TagString: Untagged
  m_Icon: {fileID: 0}
  m_NavMeshLayer: 0
  m_StaticEditorFlags: 0
  m_IsActive: 1
--- !u!4 &1345329664407349919
Transform:
  m_ObjectHideFlags: 0
  m_CorrespondingSourceObject: {fileID: 0}
  m_PrefabInstance: {fileID: 0}
  m_PrefabAsset: {fileID: 0}
  m_GameObject: {fileID: 1345329664407385855}
  m_LocalRotation: {x: -0.7071068, y: 0, z: -0, w: 0.7071068}
  m_LocalPosition: {x: 0.2923222, y: 0.08023415, z: 0.32439}
  m_LocalScale: {x: 1, y: 1, z: 1}
  m_Children: []
  m_Father: {fileID: 3524543404176955398}
  m_RootOrder: 3
  m_LocalEulerAnglesHint: {x: -90, y: 0, z: 0}
--- !u!1 &2554164836200280035
GameObject:
  m_ObjectHideFlags: 0
  m_CorrespondingSourceObject: {fileID: 0}
  m_PrefabInstance: {fileID: 0}
  m_PrefabAsset: {fileID: 0}
  serializedVersion: 6
  m_Component:
  - component: {fileID: 2554164836200280044}
  m_Layer: 13
  m_Name: PosCreateBullet
  m_TagString: Untagged
  m_Icon: {fileID: 0}
  m_NavMeshLayer: 0
  m_StaticEditorFlags: 0
  m_IsActive: 1
--- !u!4 &2554164836200280044
Transform:
  m_ObjectHideFlags: 0
  m_CorrespondingSourceObject: {fileID: 0}
  m_PrefabInstance: {fileID: 0}
  m_PrefabAsset: {fileID: 0}
  m_GameObject: {fileID: 2554164836200280035}
  m_LocalRotation: {x: 0, y: 0, z: 0, w: 1}
  m_LocalPosition: {x: 0, y: 1.147, z: 0.896}
  m_LocalScale: {x: 1, y: 1, z: 1}
  m_Children: []
  m_Father: {fileID: 3524543404176955398}
  m_RootOrder: 7
  m_LocalEulerAnglesHint: {x: 0, y: 0, z: 0}
--- !u!1 &3524543404177245222
GameObject:
  m_ObjectHideFlags: 0
  m_CorrespondingSourceObject: {fileID: 0}
  m_PrefabInstance: {fileID: 0}
  m_PrefabAsset: {fileID: 0}
  serializedVersion: 6
  m_Component:
  - component: {fileID: 3524543404176955398}
  - component: {fileID: 3524543404186744816}
  - component: {fileID: 7177844014418037312}
  - component: {fileID: 165126413526692065}
  - component: {fileID: 7767243867849145330}
  - component: {fileID: 5700367508716104855}
  - component: {fileID: 7361256159238343253}
  - component: {fileID: 7978516374967448659}
  - component: {fileID: 2168140241390315142}
  - component: {fileID: 1458896570}
  - component: {fileID: 2554164836273377672}
  m_Layer: 13
  m_Name: KhiNau
  m_TagString: Monster
  m_Icon: {fileID: 0}
  m_NavMeshLayer: 0
  m_StaticEditorFlags: 0
  m_IsActive: 1
--- !u!4 &3524543404176955398
Transform:
  m_ObjectHideFlags: 0
  m_CorrespondingSourceObject: {fileID: 0}
  m_PrefabInstance: {fileID: 0}
  m_PrefabAsset: {fileID: 0}
  m_GameObject: {fileID: 3524543404177245222}
  m_LocalRotation: {x: 0, y: 0, z: 0, w: 1}
  m_LocalPosition: {x: 1.933, y: 0.51, z: 12.2}
  m_LocalScale: {x: 0.8, y: 0.7, z: 0.8}
  m_Children:
  - {fileID: 3524543404176955408}
  - {fileID: 1345329664407349907}
  - {fileID: 1345329664407349905}
  - {fileID: 1345329664407349919}
  - {fileID: 1345329664407349917}
  - {fileID: 1345329664407349913}
  - {fileID: 6660483278962970701}
  - {fileID: 2554164836200280044}
  - {fileID: 4275884666590580949}
  m_Father: {fileID: 0}
  m_RootOrder: 0
  m_LocalEulerAnglesHint: {x: 0, y: 0, z: 0}
--- !u!95 &3524543404186744816
Animator:
  serializedVersion: 3
  m_ObjectHideFlags: 0
  m_CorrespondingSourceObject: {fileID: 0}
  m_PrefabInstance: {fileID: 0}
  m_PrefabAsset: {fileID: 0}
  m_GameObject: {fileID: 3524543404177245222}
  m_Enabled: 1
  m_Avatar: {fileID: 9000000, guid: a3940a54ce0d8f245b02c4ef6067b82d, type: 3}
  m_Controller: {fileID: 9100000, guid: 1f5749a2399f49b49bbd3d392fe3a49f, type: 2}
  m_CullingMode: 1
  m_UpdateMode: 0
  m_ApplyRootMotion: 0
  m_LinearVelocityBlending: 0
  m_WarningMessage: 
  m_HasTransformHierarchy: 1
  m_AllowConstantClipSamplingOptimization: 1
  m_KeepAnimatorControllerStateOnDisable: 0
--- !u!54 &7177844014418037312
Rigidbody:
  m_ObjectHideFlags: 0
  m_CorrespondingSourceObject: {fileID: 0}
  m_PrefabInstance: {fileID: 0}
  m_PrefabAsset: {fileID: 0}
  m_GameObject: {fileID: 3524543404177245222}
  serializedVersion: 2
  m_Mass: 1
  m_Drag: 0
  m_AngularDrag: 0.05
  m_UseGravity: 1
  m_IsKinematic: 0
  m_Interpolate: 0
  m_Constraints: 112
  m_CollisionDetection: 0
--- !u!136 &165126413526692065
CapsuleCollider:
  m_ObjectHideFlags: 0
  m_CorrespondingSourceObject: {fileID: 0}
  m_PrefabInstance: {fileID: 0}
  m_PrefabAsset: {fileID: 0}
  m_GameObject: {fileID: 3524543404177245222}
  m_Material: {fileID: 0}
  m_IsTrigger: 0
  m_Enabled: 1
  m_Radius: 0.4
  m_Height: 1.5
  m_Direction: 1
  m_Center: {x: 0, y: 0.7, z: 0}
--- !u!195 &7767243867849145330
NavMeshAgent:
  m_ObjectHideFlags: 0
  m_CorrespondingSourceObject: {fileID: 0}
  m_PrefabInstance: {fileID: 0}
  m_PrefabAsset: {fileID: 0}
  m_GameObject: {fileID: 3524543404177245222}
  m_Enabled: 0
  m_AgentTypeID: 0
  m_Radius: 0.5
  m_Speed: 3.5
  m_Acceleration: 8
  avoidancePriority: 50
  m_AngularSpeed: 240
  m_StoppingDistance: 1
  m_AutoTraverseOffMeshLink: 1
  m_AutoBraking: 1
  m_AutoRepath: 1
  m_Height: 2
  m_BaseOffset: 0
  m_WalkableMask: 4294967295
  m_ObstacleAvoidanceType: 4
--- !u!114 &5700367508716104855
MonoBehaviour:
  m_ObjectHideFlags: 0
  m_CorrespondingSourceObject: {fileID: 0}
  m_PrefabInstance: {fileID: 0}
  m_PrefabAsset: {fileID: 0}
  m_GameObject: {fileID: 3524543404177245222}
  m_Enabled: 1
  m_EditorHideFlags: 0
  m_Script: {fileID: 11500000, guid: e4285db280934784795ab128fedf45e8, type: 3}
  m_Name: 
  m_EditorClassIdentifier: 
  Id: 28
  style: 3
  pos: {x: 1.933, y: 0.51, z: 12.2}
--- !u!114 &7361256159238343253
MonoBehaviour:
  m_ObjectHideFlags: 0
  m_CorrespondingSourceObject: {fileID: 0}
  m_PrefabInstance: {fileID: 0}
  m_PrefabAsset: {fileID: 0}
  m_GameObject: {fileID: 3524543404177245222}
  m_Enabled: 1
  m_EditorHideFlags: 0
  m_Script: {fileID: 11500000, guid: 522a177cafade7f44b8f68114d39d0f6, type: 3}
  m_Name: 
  m_EditorClassIdentifier: 
  nameMonster: 
  id: 0
  basicHP: 0
  basicATKDamge: 0
  basicMS: 0
  basicASMeeleUnit: 0
  basicASRangeUnit: 0
  basicCoolDownMin: 0
  basicCoolDownMax: 0
  raceType: 0
  atkType: 0
  heartDropRate: 0
  heartNumberMin: 0
  heartNumberMax: 0
  goldNumberMin: 0
  goldNumberMax: 0
  offSetSelectionTop: {x: 0, y: 3.5, z: 0}
  offSetSelectionScaleFoot: {x: 1.5, y: 1.5, z: 1}
  offSetSelectionScaleFX: {x: 0, y: 0, z: 0}
  _monsterAsset: {fileID: 0}
  _currentHP: 100
  _currentSpeedMove: 2
  _currentATKDamage: 30
  _currentASMeeleUnit: 1.5
  _currentASRangeUnit: 1.5
  _currentCoolDownMax: 0
  _currentCoolDownMin: 0
  _isTrap: 0
  imgHealtBar: {fileID: 1906821637931489871}
  imgDamageBar: {fileID: 0}
  healtBar: {fileID: 4275884666590580953}
  hPBar: {fileID: 0}
  isBoss: 0
  EffectDamageType: 0
--- !u!114 &7978516374967448659
MonoBehaviour:
  m_ObjectHideFlags: 0
  m_CorrespondingSourceObject: {fileID: 0}
  m_PrefabInstance: {fileID: 0}
  m_PrefabAsset: {fileID: 0}
  m_GameObject: {fileID: 3524543404177245222}
  m_Enabled: 1
  m_EditorHideFlags: 0
  m_Script: {fileID: 11500000, guid: 3ec8d7667a74c2341b0c9657aea4ffcb, type: 3}
  m_Name: 
  m_EditorClassIdentifier: 
  MoveType: 2
  JumpUp: 400
  MoveStep: 1
  UseIsRun: 0
  FollowPlayer: 0
  TimeRandomDir: 5
  DistancePlayer: 3
  UseAI: 0
  ObjCheckInGround: {fileID: 0}
--- !u!114 &2168140241390315142
MonoBehaviour:
  m_ObjectHideFlags: 0
  m_CorrespondingSourceObject: {fileID: 0}
  m_PrefabInstance: {fileID: 0}
  m_PrefabAsset: {fileID: 0}
  m_GameObject: {fileID: 3524543404177245222}
  m_Enabled: 1
  m_EditorHideFlags: 0
  m_Script: {fileID: 11500000, guid: f41eb36858e34a8408b734084b80a3a4, type: 3}
  m_Name: 
  m_EditorClassIdentifier: 
  FollowPlayer: 0
  CheckAtk: 0
  CheckDie: 0
  TimeStartATK: 0
  _player: {fileID: 0}
  _myDetail: {fileID: 0}
  isPoision: 0
  isIce: 0
  isBlast: 0
  isCold: 0
  Mesh: {fileID: 1345329664395885447}
  ShadowMesh: {fileID: 1345329664395885447}
  _amin: {fileID: 0}
  material: {fileID: 0}
  textureOld: {fileID: 0}
  textureHit: {fileID: 2800000, guid: 4757b8472c605a045a657ac064a1507b, type: 3}
  textureIce: {fileID: 2800000, guid: a1a49abe0896b1c46b2e3620ffb30140, type: 3}
  Hit: 0
  _timeCoolDownMaxDefault: 0
  _timeCoolDownMinDefault: 0
--- !u!114 &1458896570
MonoBehaviour:
  m_ObjectHideFlags: 0
  m_CorrespondingSourceObject: {fileID: 0}
  m_PrefabInstance: {fileID: 0}
  m_PrefabAsset: {fileID: 0}
  m_GameObject: {fileID: 3524543404177245222}
  m_Enabled: 1
  m_EditorHideFlags: 0
  m_Script: {fileID: 11500000, guid: 9bd21ec32af39ea4193b189a726599c4, type: 3}
  m_Name: 
  m_EditorClassIdentifier: 
  isAttack: 1
  ShotType: 0
  TimeDelay: 1
  BulletType: 0
  FollowPlayer: 0
  NumberBullet: 0
  Angle: 0
  OffsetAngle: 0
  bullet: {fileID: 0}
  PosBullet: {fileID: 0}
  Rb: {fileID: 0}
  MyControl: {fileID: 0}
  PlayerObj: {fileID: 0}
  Amin: {fileID: 0}
  AllowMoveWhenSkilling: 0
  _myDetail: {fileID: 0}
  _skilling: 0
  _timelive: 0
  _currentTimeCoolDown: 0
--- !u!114 &2554164836273377672
MonoBehaviour:
  m_ObjectHideFlags: 0
  m_CorrespondingSourceObject: {fileID: 0}
  m_PrefabInstance: {fileID: 0}
  m_PrefabAsset: {fileID: 0}
  m_GameObject: {fileID: 3524543404177245222}
  m_Enabled: 1
  m_EditorHideFlags: 0
  m_Script: {fileID: 11500000, guid: b6661afff8aaa0a498411f08eb080fd9, type: 3}
  m_Name: 
  m_EditorClassIdentifier: 
  StartAnimStr: PreAtk
  InAnimStr: Atk
  EndAnimStr: Idle
  TotalLoop: 0
  TimeOfStartAnim: 0.5
  TimeOfInAnim: 0.1
  TimeOfEndAnim: 1
  TimeCooldown: 0
  SkillPriority: 0
  SkillType: 0
  _skillTimeLive: 0
  _isReady: 1
  bullet: {fileID: 2129090920424302738, guid: 8ad4f25731fafff4e9be09fe49174f31, type: 3}
  ShootType: 1
  NumberShoot: 5
  SpeedShoot: 0
  TimeMove: 2
  OffSetY: 0
  Auto: 1
  AtMySeft: 0
  LookPlayer: 1
  Shoot: 0
  PosBullet: {fileID: 2554164836200280044}
  Angle: 20
  RandomAngle: 1
  OffsetAngle: 0
  BulletType: 0
  ShootDown: 0
  speedBulletMove: 0.5
--- !u!1 &3524543404177245232
GameObject:
  m_ObjectHideFlags: 0
  m_CorrespondingSourceObject: {fileID: 0}
  m_PrefabInstance: {fileID: 0}
  m_PrefabAsset: {fileID: 0}
  serializedVersion: 6
  m_Component:
  - component: {fileID: 3524543404176955408}
  m_Layer: 13
  m_Name: Bone001
  m_TagString: Untagged
  m_Icon: {fileID: 0}
  m_NavMeshLayer: 0
  m_StaticEditorFlags: 0
  m_IsActive: 1
--- !u!4 &3524543404176955408
Transform:
  m_ObjectHideFlags: 0
  m_CorrespondingSourceObject: {fileID: 0}
  m_PrefabInstance: {fileID: 0}
  m_PrefabAsset: {fileID: 0}
  m_GameObject: {fileID: 3524543404177245232}
  m_LocalRotation: {x: -0.20700926, y: 0.67612666, z: -0.20700926, w: 0.67612654}
  m_LocalPosition: {x: -0.0000000033128282, y: 0.2058611, z: -0.07578866}
  m_LocalScale: {x: 1, y: 1, z: 1}
  m_Children:
  - {fileID: 3524543404176955410}
  - {fileID: 3524543404176955420}
  - {fileID: 3524543404176955422}
  - {fileID: 1345329664407349889}
  m_Father: {fileID: 3524543404176955398}
  m_RootOrder: 0
  m_LocalEulerAnglesHint: {x: -0.0000034150944, y: 90.00001, z: -34.045963}
--- !u!1 &3524543404177245234
GameObject:
  m_ObjectHideFlags: 0
  m_CorrespondingSourceObject: {fileID: 0}
  m_PrefabInstance: {fileID: 0}
  m_PrefabAsset: {fileID: 0}
  serializedVersion: 6
  m_Component:
  - component: {fileID: 3524543404176955410}
  m_Layer: 13
  m_Name: Bone002
  m_TagString: Untagged
  m_Icon: {fileID: 0}
  m_NavMeshLayer: 0
  m_StaticEditorFlags: 0
  m_IsActive: 1
--- !u!4 &3524543404176955410
Transform:
  m_ObjectHideFlags: 0
  m_CorrespondingSourceObject: {fileID: 0}
  m_PrefabInstance: {fileID: 0}
  m_PrefabAsset: {fileID: 0}
  m_GameObject: {fileID: 3524543404177245234}
  m_LocalRotation: {x: 0.000000015591306, y: -0.000000048557474, z: -0.09621953, w: 0.99536014}
  m_LocalPosition: {x: -0.21536925, y: -0.000000038146972, z: -0.0000000214647}
  m_LocalScale: {x: 1, y: 1, z: 1}
  m_Children:
  - {fileID: 3524543404176955412}
  - {fileID: 1345329664407349937}
  - {fileID: 1345329664407349951}
  m_Father: {fileID: 3524543404176955408}
  m_RootOrder: 0
  m_LocalEulerAnglesHint: {x: 0.0000012429501, y: -0.000005710368, z: -11.043031}
--- !u!1 &3524543404177245236
GameObject:
  m_ObjectHideFlags: 0
  m_CorrespondingSourceObject: {fileID: 0}
  m_PrefabInstance: {fileID: 0}
  m_PrefabAsset: {fileID: 0}
  serializedVersion: 6
  m_Component:
  - component: {fileID: 3524543404176955412}
  m_Layer: 13
  m_Name: Bone003
  m_TagString: Untagged
  m_Icon: {fileID: 0}
  m_NavMeshLayer: 0
  m_StaticEditorFlags: 0
  m_IsActive: 1
--- !u!4 &3524543404176955412
Transform:
  m_ObjectHideFlags: 0
  m_CorrespondingSourceObject: {fileID: 0}
  m_PrefabInstance: {fileID: 0}
  m_PrefabAsset: {fileID: 0}
  m_GameObject: {fileID: 3524543404177245236}
  m_LocalRotation: {x: -9.389416e-14, y: -6.1436e-13, z: -0.16311911, w: 0.9866064}
  m_LocalPosition: {x: -0.22282732, y: 0, z: 1.8673062e-13}
  m_LocalScale: {x: 0.99999994, y: 0.99999994, z: 1}
  m_Children:
  - {fileID: 1345329664407349921}
  m_Father: {fileID: 3524543404176955410}
  m_RootOrder: 0
  m_LocalEulerAnglesHint: {x: -2.2824733e-11, y: -6.7200044e-11, z: -18.775974}
--- !u!1 &3524543404177245240
GameObject:
  m_ObjectHideFlags: 0
  m_CorrespondingSourceObject: {fileID: 0}
  m_PrefabInstance: {fileID: 0}
  m_PrefabAsset: {fileID: 0}
  serializedVersion: 6
  m_Component:
  - component: {fileID: 3524543404176955416}
  m_Layer: 13
  m_Name: Bone005
  m_TagString: Untagged
  m_Icon: {fileID: 0}
  m_NavMeshLayer: 0
  m_StaticEditorFlags: 0
  m_IsActive: 1
--- !u!4 &3524543404176955416
Transform:
  m_ObjectHideFlags: 0
  m_CorrespondingSourceObject: {fileID: 0}
  m_PrefabInstance: {fileID: 0}
  m_PrefabAsset: {fileID: 0}
  m_GameObject: {fileID: 3524543404177245240}
  m_LocalRotation: {x: 1.3530844e-15, y: 5.551116e-17, z: -7.511128e-32, w: 1}
  m_LocalPosition: {x: -0.7248406, y: 0, z: 9.0452087e-13}
  m_LocalScale: {x: 0.99999994, y: 0.99999994, z: 1}
  m_Children: []
  m_Father: {fileID: 1345329664407349921}
  m_RootOrder: 0
  m_LocalEulerAnglesHint: {x: 0, y: 0, z: 0}
--- !u!1 &3524543404177245244
GameObject:
  m_ObjectHideFlags: 0
  m_CorrespondingSourceObject: {fileID: 0}
  m_PrefabInstance: {fileID: 0}
  m_PrefabAsset: {fileID: 0}
  serializedVersion: 6
  m_Component:
  - component: {fileID: 3524543404176955420}
  m_Layer: 13
  m_Name: Bone006
  m_TagString: Untagged
  m_Icon: {fileID: 0}
  m_NavMeshLayer: 0
  m_StaticEditorFlags: 0
  m_IsActive: 1
--- !u!4 &3524543404176955420
Transform:
  m_ObjectHideFlags: 0
  m_CorrespondingSourceObject: {fileID: 0}
  m_PrefabInstance: {fileID: 0}
  m_PrefabAsset: {fileID: 0}
  m_GameObject: {fileID: 3524543404177245244}
  m_LocalRotation: {x: -0.42031968, y: 0.23762386, z: 0.5439073, w: 0.6863171}
  m_LocalPosition: {x: 0.013976774, y: 0.0016040993, z: 0.09183798}
  m_LocalScale: {x: 1, y: 1.0000001, z: 1.0000001}
  m_Children:
  - {fileID: 1345329664407349929}
  m_Father: {fileID: 3524543404176955408}
  m_RootOrder: 1
  m_LocalEulerAnglesHint: {x: -45.258694, y: -9.489289, z: 89.38718}
--- !u!1 &3524543404177245246
GameObject:
  m_ObjectHideFlags: 0
  m_CorrespondingSourceObject: {fileID: 0}
  m_PrefabInstance: {fileID: 0}
  m_PrefabAsset: {fileID: 0}
  serializedVersion: 6
  m_Component:
  - component: {fileID: 3524543404176955422}
  m_Layer: 13
  m_Name: Bone006(mirrored)
  m_TagString: Untagged
  m_Icon: {fileID: 0}
  m_NavMeshLayer: 0
  m_StaticEditorFlags: 0
  m_IsActive: 1
--- !u!4 &3524543404176955422
Transform:
  m_ObjectHideFlags: 0
  m_CorrespondingSourceObject: {fileID: 0}
  m_PrefabInstance: {fileID: 0}
  m_PrefabAsset: {fileID: 0}
  m_GameObject: {fileID: 3524543404177245246}
  m_LocalRotation: {x: 0.6863169, y: 0.5439073, z: 0.23762468, w: -0.42031953}
  m_LocalPosition: {x: 0.013976779, y: 0.0016041755, z: -0.092705496}
  m_LocalScale: {x: 1, y: 1.0000001, z: 1}
  m_Children:
  - {fileID: 1345329664407349943}
  m_Father: {fileID: 3524543404176955408}
  m_RootOrder: 2
  m_LocalEulerAnglesHint: {x: -45.258793, y: -170.51086, z: 90.612885}
--- !u!1001 &2087791288684369235
PrefabInstance:
  m_ObjectHideFlags: 0
  serializedVersion: 2
  m_Modification:
    m_TransformParent: {fileID: 3524543404176955398}
    m_Modifications:
    - target: {fileID: 2859694978836465034, guid: 7e65c06b1b4735f4585e7fb69f1bc0a6,
        type: 3}
      propertyPath: m_Name
      value: HealtBar
      objectReference: {fileID: 0}
    - target: {fileID: 2859694978836465030, guid: 7e65c06b1b4735f4585e7fb69f1bc0a6,
        type: 3}
      propertyPath: m_LocalPosition.x
      value: 0
      objectReference: {fileID: 0}
    - target: {fileID: 2859694978836465030, guid: 7e65c06b1b4735f4585e7fb69f1bc0a6,
        type: 3}
      propertyPath: m_LocalPosition.y
      value: 0
      objectReference: {fileID: 0}
    - target: {fileID: 2859694978836465030, guid: 7e65c06b1b4735f4585e7fb69f1bc0a6,
        type: 3}
      propertyPath: m_LocalPosition.z
      value: 0
      objectReference: {fileID: 0}
    - target: {fileID: 2859694978836465030, guid: 7e65c06b1b4735f4585e7fb69f1bc0a6,
        type: 3}
      propertyPath: m_LocalRotation.x
      value: -0.38268343
      objectReference: {fileID: 0}
    - target: {fileID: 2859694978836465030, guid: 7e65c06b1b4735f4585e7fb69f1bc0a6,
        type: 3}
      propertyPath: m_LocalRotation.y
      value: -0
      objectReference: {fileID: 0}
    - target: {fileID: 2859694978836465030, guid: 7e65c06b1b4735f4585e7fb69f1bc0a6,
        type: 3}
      propertyPath: m_LocalRotation.z
      value: -0
      objectReference: {fileID: 0}
    - target: {fileID: 2859694978836465030, guid: 7e65c06b1b4735f4585e7fb69f1bc0a6,
        type: 3}
      propertyPath: m_LocalRotation.w
      value: 0.92387956
      objectReference: {fileID: 0}
    - target: {fileID: 2859694978836465030, guid: 7e65c06b1b4735f4585e7fb69f1bc0a6,
        type: 3}
      propertyPath: m_RootOrder
      value: 8
      objectReference: {fileID: 0}
    - target: {fileID: 2859694978836465030, guid: 7e65c06b1b4735f4585e7fb69f1bc0a6,
        type: 3}
      propertyPath: m_LocalEulerAnglesHint.x
      value: -45.000004
      objectReference: {fileID: 0}
    - target: {fileID: 2859694978836465030, guid: 7e65c06b1b4735f4585e7fb69f1bc0a6,
        type: 3}
      propertyPath: m_LocalEulerAnglesHint.y
      value: 0
      objectReference: {fileID: 0}
    - target: {fileID: 2859694978836465030, guid: 7e65c06b1b4735f4585e7fb69f1bc0a6,
        type: 3}
      propertyPath: m_LocalEulerAnglesHint.z
      value: 0
      objectReference: {fileID: 0}
    - target: {fileID: 2859694978836465030, guid: 7e65c06b1b4735f4585e7fb69f1bc0a6,
        type: 3}
      propertyPath: m_AnchoredPosition.x
      value: 0
      objectReference: {fileID: 0}
    - target: {fileID: 2859694978836465030, guid: 7e65c06b1b4735f4585e7fb69f1bc0a6,
        type: 3}
      propertyPath: m_AnchoredPosition.y
      value: 2.08
      objectReference: {fileID: 0}
    - target: {fileID: 2859694978836465030, guid: 7e65c06b1b4735f4585e7fb69f1bc0a6,
        type: 3}
      propertyPath: m_SizeDelta.x
      value: 1.2
      objectReference: {fileID: 0}
    - target: {fileID: 2859694978836465030, guid: 7e65c06b1b4735f4585e7fb69f1bc0a6,
        type: 3}
      propertyPath: m_SizeDelta.y
      value: 1.6
      objectReference: {fileID: 0}
    - target: {fileID: 2859694978836465030, guid: 7e65c06b1b4735f4585e7fb69f1bc0a6,
        type: 3}
      propertyPath: m_AnchorMin.x
      value: 0
      objectReference: {fileID: 0}
    - target: {fileID: 2859694978836465030, guid: 7e65c06b1b4735f4585e7fb69f1bc0a6,
        type: 3}
      propertyPath: m_AnchorMin.y
      value: 0
      objectReference: {fileID: 0}
    - target: {fileID: 2859694978836465030, guid: 7e65c06b1b4735f4585e7fb69f1bc0a6,
        type: 3}
      propertyPath: m_AnchorMax.x
      value: 0
      objectReference: {fileID: 0}
    - target: {fileID: 2859694978836465030, guid: 7e65c06b1b4735f4585e7fb69f1bc0a6,
        type: 3}
      propertyPath: m_AnchorMax.y
      value: 0
      objectReference: {fileID: 0}
    - target: {fileID: 2859694978836465030, guid: 7e65c06b1b4735f4585e7fb69f1bc0a6,
        type: 3}
      propertyPath: m_Pivot.x
      value: 0.5
      objectReference: {fileID: 0}
    - target: {fileID: 2859694978836465030, guid: 7e65c06b1b4735f4585e7fb69f1bc0a6,
        type: 3}
      propertyPath: m_Pivot.y
      value: 0.5
      objectReference: {fileID: 0}
    - target: {fileID: 2859694978836465030, guid: 7e65c06b1b4735f4585e7fb69f1bc0a6,
        type: 3}
      propertyPath: m_LocalScale.x
      value: 1
      objectReference: {fileID: 0}
    - target: {fileID: 2859694978836465030, guid: 7e65c06b1b4735f4585e7fb69f1bc0a6,
        type: 3}
      propertyPath: m_LocalScale.y
      value: 0.6
      objectReference: {fileID: 0}
    - target: {fileID: 6694173748421044246, guid: 7e65c06b1b4735f4585e7fb69f1bc0a6,
        type: 3}
      propertyPath: m_Layer
      value: 13
      objectReference: {fileID: 0}
    - target: {fileID: 2859694979950265469, guid: 7e65c06b1b4735f4585e7fb69f1bc0a6,
        type: 3}
      propertyPath: m_AnchoredPosition.x
      value: 0
      objectReference: {fileID: 0}
    m_RemovedComponents: []
  m_SourcePrefab: {fileID: 100100000, guid: 7e65c06b1b4735f4585e7fb69f1bc0a6, type: 3}
--- !u!1 &4275884666590580953 stripped
GameObject:
  m_CorrespondingSourceObject: {fileID: 2859694978836465034, guid: 7e65c06b1b4735f4585e7fb69f1bc0a6,
    type: 3}
  m_PrefabInstance: {fileID: 2087791288684369235}
  m_PrefabAsset: {fileID: 0}
--- !u!224 &4275884666590580949 stripped
RectTransform:
  m_CorrespondingSourceObject: {fileID: 2859694978836465030, guid: 7e65c06b1b4735f4585e7fb69f1bc0a6,
    type: 3}
  m_PrefabInstance: {fileID: 2087791288684369235}
  m_PrefabAsset: {fileID: 0}
--- !u!114 &1906821637931489871 stripped
MonoBehaviour:
  m_CorrespondingSourceObject: {fileID: 472657168512880412, guid: 7e65c06b1b4735f4585e7fb69f1bc0a6,
    type: 3}
  m_PrefabInstance: {fileID: 2087791288684369235}
  m_PrefabAsset: {fileID: 0}
  m_GameObject: {fileID: 0}
  m_Enabled: 1
  m_EditorHideFlags: 0
  m_Script: {fileID: -765806418, guid: f70555f144d8491a825f0804e09c671c, type: 3}
  m_Name: 
  m_EditorClassIdentifier: 
--- !u!1001 &6941408031551911042
PrefabInstance:
  m_ObjectHideFlags: 0
  serializedVersion: 2
  m_Modification:
    m_TransformParent: {fileID: 3524543404176955398}
    m_Modifications:
    - target: {fileID: 5495018397130825282, guid: 347746a4feeb7844aa18655ee7de0c8a,
        type: 3}
      propertyPath: m_Name
      value: BulletKhi
      objectReference: {fileID: 0}
    - target: {fileID: 4339815908130530511, guid: 347746a4feeb7844aa18655ee7de0c8a,
        type: 3}
      propertyPath: m_LocalPosition.x
      value: 0
      objectReference: {fileID: 0}
    - target: {fileID: 4339815908130530511, guid: 347746a4feeb7844aa18655ee7de0c8a,
        type: 3}
      propertyPath: m_LocalPosition.y
      value: 0.995
      objectReference: {fileID: 0}
    - target: {fileID: 4339815908130530511, guid: 347746a4feeb7844aa18655ee7de0c8a,
        type: 3}
      propertyPath: m_LocalPosition.z
      value: 0
      objectReference: {fileID: 0}
    - target: {fileID: 4339815908130530511, guid: 347746a4feeb7844aa18655ee7de0c8a,
        type: 3}
      propertyPath: m_LocalRotation.x
      value: -0
      objectReference: {fileID: 0}
    - target: {fileID: 4339815908130530511, guid: 347746a4feeb7844aa18655ee7de0c8a,
        type: 3}
      propertyPath: m_LocalRotation.y
      value: -0
      objectReference: {fileID: 0}
    - target: {fileID: 4339815908130530511, guid: 347746a4feeb7844aa18655ee7de0c8a,
        type: 3}
      propertyPath: m_LocalRotation.z
      value: -0
      objectReference: {fileID: 0}
    - target: {fileID: 4339815908130530511, guid: 347746a4feeb7844aa18655ee7de0c8a,
        type: 3}
      propertyPath: m_LocalRotation.w
      value: 1
      objectReference: {fileID: 0}
    - target: {fileID: 4339815908130530511, guid: 347746a4feeb7844aa18655ee7de0c8a,
        type: 3}
      propertyPath: m_RootOrder
      value: 6
      objectReference: {fileID: 0}
    - target: {fileID: 4339815908130530511, guid: 347746a4feeb7844aa18655ee7de0c8a,
        type: 3}
      propertyPath: m_LocalEulerAnglesHint.x
      value: 0
      objectReference: {fileID: 0}
    - target: {fileID: 4339815908130530511, guid: 347746a4feeb7844aa18655ee7de0c8a,
        type: 3}
      propertyPath: m_LocalEulerAnglesHint.y
      value: 0
      objectReference: {fileID: 0}
    - target: {fileID: 4339815908130530511, guid: 347746a4feeb7844aa18655ee7de0c8a,
        type: 3}
      propertyPath: m_LocalEulerAnglesHint.z
      value: 0
      objectReference: {fileID: 0}
    m_RemovedComponents: []
  m_SourcePrefab: {fileID: 100100000, guid: 347746a4feeb7844aa18655ee7de0c8a, type: 3}
--- !u!4 &6660483278962970701 stripped
Transform:
  m_CorrespondingSourceObject: {fileID: 4339815908130530511, guid: 347746a4feeb7844aa18655ee7de0c8a,
    type: 3}
  m_PrefabInstance: {fileID: 6941408031551911042}
  m_PrefabAsset: {fileID: 0}
