%YAML 1.1
%TAG !u! tag:unity3d.com,2011:
--- !u!1 &3829299862674925089
GameObject:
  m_ObjectHideFlags: 0
  m_CorrespondingSourceObject: {fileID: 0}
  m_PrefabInstance: {fileID: 0}
  m_PrefabAsset: {fileID: 0}
  serializedVersion: 6
  m_Component:
  - component: {fileID: 3829299862675356161}
  m_Layer: 13
  m_Name: Bone018
  m_TagString: Untagged
  m_Icon: {fileID: 0}
  m_NavMeshLayer: 0
  m_StaticEditorFlags: 0
  m_IsActive: 1
--- !u!4 &3829299862675356161
Transform:
  m_ObjectHideFlags: 0
  m_CorrespondingSourceObject: {fileID: 0}
  m_PrefabInstance: {fileID: 0}
  m_PrefabAsset: {fileID: 0}
  m_GameObject: {fileID: 3829299862674925089}
  m_LocalRotation: {x: 0.32009688, y: -0.3530302, z: 0.74508786, w: 0.46663877}
  m_LocalPosition: {x: -0.09878925, y: -1.4901161e-10, z: -1.3145041e-15}
  m_LocalScale: {x: 1, y: 1, z: 1}
  m_Children:
  - {fileID: 3829299862675356253}
  m_Father: {fileID: 3829299862675356239}
  m_RootOrder: 7
  m_LocalEulerAnglesHint: {x: 55.569862, y: 15.124766, z: 123.886116}
--- !u!1 &3829299862674925091
GameObject:
  m_ObjectHideFlags: 0
  m_CorrespondingSourceObject: {fileID: 0}
  m_PrefabInstance: {fileID: 0}
  m_PrefabAsset: {fileID: 0}
  serializedVersion: 6
  m_Component:
  - component: {fileID: 3829299862675356163}
  m_Layer: 13
  m_Name: Bone016
  m_TagString: Untagged
  m_Icon: {fileID: 0}
  m_NavMeshLayer: 0
  m_StaticEditorFlags: 0
  m_IsActive: 1
--- !u!4 &3829299862675356163
Transform:
  m_ObjectHideFlags: 0
  m_CorrespondingSourceObject: {fileID: 0}
  m_PrefabInstance: {fileID: 0}
  m_PrefabAsset: {fileID: 0}
  m_GameObject: {fileID: 3829299862674925091}
  m_LocalRotation: {x: -0.5282331, y: 0.30561066, z: 0.7633581, w: 0.21179302}
  m_LocalPosition: {x: -0.09878925, y: -1.4901161e-10, z: -1.8651746e-15}
  m_LocalScale: {x: 1, y: 1, z: 1}
  m_Children:
  - {fileID: 3829299862675356229}
  m_Father: {fileID: 3829299862675356239}
  m_RootOrder: 6
  m_LocalEulerAnglesHint: {x: -43.656464, y: -69.350136, z: 179.96194}
--- !u!1 &3829299862674925093
GameObject:
  m_ObjectHideFlags: 0
  m_CorrespondingSourceObject: {fileID: 0}
  m_PrefabInstance: {fileID: 0}
  m_PrefabAsset: {fileID: 0}
  serializedVersion: 6
  m_Component:
  - component: {fileID: 3829299862675356165}
  m_Layer: 13
  m_Name: Bone022
  m_TagString: Untagged
  m_Icon: {fileID: 0}
  m_NavMeshLayer: 0
  m_StaticEditorFlags: 0
  m_IsActive: 1
--- !u!4 &3829299862675356165
Transform:
  m_ObjectHideFlags: 0
  m_CorrespondingSourceObject: {fileID: 0}
  m_PrefabInstance: {fileID: 0}
  m_PrefabAsset: {fileID: 0}
  m_GameObject: {fileID: 3829299862674925093}
  m_LocalRotation: {x: 0.17579025, y: 0.17124124, z: -0.80466545, w: 0.5406365}
  m_LocalPosition: {x: -0.09878925, y: -1.4901161e-10, z: -2.2382096e-15}
  m_LocalScale: {x: 0.99999994, y: 0.99999994, z: 1}
  m_Children:
  - {fileID: 3829299862675356225}
  m_Father: {fileID: 3829299862675356239}
  m_RootOrder: 9
  m_LocalEulerAnglesHint: {x: 27.75301, y: -6.341382, z: -113.77555}
--- !u!1 &3829299862674925095
GameObject:
  m_ObjectHideFlags: 0
  m_CorrespondingSourceObject: {fileID: 0}
  m_PrefabInstance: {fileID: 0}
  m_PrefabAsset: {fileID: 0}
  serializedVersion: 6
  m_Component:
  - component: {fileID: 3829299862675356167}
  m_Layer: 13
  m_Name: Bone020
  m_TagString: Untagged
  m_Icon: {fileID: 0}
  m_NavMeshLayer: 0
  m_StaticEditorFlags: 0
  m_IsActive: 1
--- !u!4 &3829299862675356167
Transform:
  m_ObjectHideFlags: 0
  m_CorrespondingSourceObject: {fileID: 0}
  m_PrefabInstance: {fileID: 0}
  m_PrefabAsset: {fileID: 0}
  m_GameObject: {fileID: 3829299862674925095}
  m_LocalRotation: {x: -0.27602136, y: 0.42104995, z: 0.70790005, w: 0.49538538}
  m_LocalPosition: {x: -0.09878925, y: -1.4901161e-10, z: -1.438849e-15}
  m_LocalScale: {x: 1, y: 1, z: 0.9999999}
  m_Children:
  - {fileID: 3829299862675356227}
  m_Father: {fileID: 3829299862675356239}
  m_RootOrder: 8
  m_LocalEulerAnglesHint: {x: -60.411777, y: 3.061743, z: 108.24899}
--- !u!1 &3829299862674925097
GameObject:
  m_ObjectHideFlags: 0
  m_CorrespondingSourceObject: {fileID: 0}
  m_PrefabInstance: {fileID: 0}
  m_PrefabAsset: {fileID: 0}
  serializedVersion: 6
  m_Component:
  - component: {fileID: 3829299862675356169}
  m_Layer: 13
  m_Name: Bone008
  m_TagString: Untagged
  m_Icon: {fileID: 0}
  m_NavMeshLayer: 0
  m_StaticEditorFlags: 0
  m_IsActive: 1
--- !u!4 &3829299862675356169
Transform:
  m_ObjectHideFlags: 0
  m_CorrespondingSourceObject: {fileID: 0}
  m_PrefabInstance: {fileID: 0}
  m_PrefabAsset: {fileID: 0}
  m_GameObject: {fileID: 3829299862674925097}
  m_LocalRotation: {x: -0.00014413601, y: -0.000082424136, z: -0.8237268, w: 0.56698704}
  m_LocalPosition: {x: -0.09878925, y: -1.4901161e-10, z: -4.405365e-15}
  m_LocalScale: {x: 1, y: 1, z: 1}
  m_Children:
  - {fileID: 3829299862675356245}
  m_Father: {fileID: 3829299862675356239}
  m_RootOrder: 3
  m_LocalEulerAnglesHint: {x: -0.017144984, y: 0.008250049, z: -110.91922}
--- !u!1 &3829299862674925099
GameObject:
  m_ObjectHideFlags: 0
  m_CorrespondingSourceObject: {fileID: 0}
  m_PrefabInstance: {fileID: 0}
  m_PrefabAsset: {fileID: 0}
  serializedVersion: 6
  m_Component:
  - component: {fileID: 3829299862675356171}
  m_Layer: 13
  m_Name: Bone006
  m_TagString: Untagged
  m_Icon: {fileID: 0}
  m_NavMeshLayer: 0
  m_StaticEditorFlags: 0
  m_IsActive: 1
--- !u!4 &3829299862675356171
Transform:
  m_ObjectHideFlags: 0
  m_CorrespondingSourceObject: {fileID: 0}
  m_PrefabInstance: {fileID: 0}
  m_PrefabAsset: {fileID: 0}
  m_GameObject: {fileID: 3829299862674925099}
  m_LocalRotation: {x: -0.25842768, y: 0.04447307, z: 0.82126975, w: 0.5067083}
  m_LocalPosition: {x: -0.09878925, y: -1.4901161e-10, z: -4.405365e-15}
  m_LocalScale: {x: 1, y: 1, z: 1}
  m_Children:
  - {fileID: 3829299862675356251}
  m_Father: {fileID: 3829299862675356239}
  m_RootOrder: 2
  m_LocalEulerAnglesHint: {x: -19.569113, y: -23.74499, z: 120.805046}
--- !u!1 &3829299862674925101
GameObject:
  m_ObjectHideFlags: 0
  m_CorrespondingSourceObject: {fileID: 0}
  m_PrefabInstance: {fileID: 0}
  m_PrefabAsset: {fileID: 0}
  serializedVersion: 6
  m_Component:
  - component: {fileID: 3829299862675356173}
  m_Layer: 13
  m_Name: Bone014
  m_TagString: Untagged
  m_Icon: {fileID: 0}
  m_NavMeshLayer: 0
  m_StaticEditorFlags: 0
  m_IsActive: 1
--- !u!4 &3829299862675356173
Transform:
  m_ObjectHideFlags: 0
  m_CorrespondingSourceObject: {fileID: 0}
  m_PrefabInstance: {fileID: 0}
  m_PrefabAsset: {fileID: 0}
  m_GameObject: {fileID: 3829299862674925101}
  m_LocalRotation: {x: 0.21466933, y: -0.10987119, z: 0.8145381, w: 0.52761084}
  m_LocalPosition: {x: -0.09878925, y: -1.4901161e-10, z: -2.6290082e-15}
  m_LocalScale: {x: 1, y: 1.0000001, z: 1}
  m_Children:
  - {fileID: 3829299862675356255}
  m_Father: {fileID: 3829299862675356239}
  m_RootOrder: 5
  m_LocalEulerAnglesHint: {x: 23.923231, y: 14.817757, z: 117.29037}
--- !u!1 &3829299862674925103
GameObject:
  m_ObjectHideFlags: 0
  m_CorrespondingSourceObject: {fileID: 0}
  m_PrefabInstance: {fileID: 0}
  m_PrefabAsset: {fileID: 0}
  serializedVersion: 6
  m_Component:
  - component: {fileID: 3829299862675356175}
  m_Layer: 13
  m_Name: Bone010
  m_TagString: Untagged
  m_Icon: {fileID: 0}
  m_NavMeshLayer: 0
  m_StaticEditorFlags: 0
  m_IsActive: 1
--- !u!4 &3829299862675356175
Transform:
  m_ObjectHideFlags: 0
  m_CorrespondingSourceObject: {fileID: 0}
  m_PrefabInstance: {fileID: 0}
  m_PrefabAsset: {fileID: 0}
  m_GameObject: {fileID: 3829299862674925103}
  m_LocalRotation: {x: -0.42754474, y: -0.16383244, z: 0.8057601, w: -0.3756529}
  m_LocalPosition: {x: -0.09878925, y: -1.4901161e-10, z: -2.0250468e-15}
  m_LocalScale: {x: 1, y: 1.0000001, z: 1}
  m_Children:
  - {fileID: 3829299862675356231}
  m_Father: {fileID: 3829299862675356239}
  m_RootOrder: 4
  m_LocalEulerAnglesHint: {x: 35.81967, y: -44.2595, z: -144.98369}
--- !u!1 &3829299862674925105
GameObject:
  m_ObjectHideFlags: 0
  m_CorrespondingSourceObject: {fileID: 0}
  m_PrefabInstance: {fileID: 0}
  m_PrefabAsset: {fileID: 0}
  serializedVersion: 6
  m_Component:
  - component: {fileID: 3829299862675356177}
  m_Layer: 13
  m_Name: IK Chain001
  m_TagString: Untagged
  m_Icon: {fileID: 0}
  m_NavMeshLayer: 0
  m_StaticEditorFlags: 0
  m_IsActive: 1
--- !u!4 &3829299862675356177
Transform:
  m_ObjectHideFlags: 0
  m_CorrespondingSourceObject: {fileID: 0}
  m_PrefabInstance: {fileID: 0}
  m_PrefabAsset: {fileID: 0}
  m_GameObject: {fileID: 3829299862674925105}
  m_LocalRotation: {x: -0.7071068, y: 0.0000000070221353, z: -0.00000021495035, w: 0.7071067}
  m_LocalPosition: {x: -0.32466906, y: 0.5003792, z: -0.1875624}
  m_LocalScale: {x: 1, y: 1, z: 1}
  m_Children: []
  m_Father: {fileID: 3829299862675356215}
  m_RootOrder: 1
  m_LocalEulerAnglesHint: {x: -89.98021, y: 0.000001137986, z: 0}
--- !u!1 &3829299862674925107
GameObject:
  m_ObjectHideFlags: 0
  m_CorrespondingSourceObject: {fileID: 0}
  m_PrefabInstance: {fileID: 0}
  m_PrefabAsset: {fileID: 0}
  serializedVersion: 6
  m_Component:
  - component: {fileID: 3829299862675356179}
  m_Layer: 13
  m_Name: Bone044
  m_TagString: Untagged
  m_Icon: {fileID: 0}
  m_NavMeshLayer: 0
  m_StaticEditorFlags: 0
  m_IsActive: 1
--- !u!4 &3829299862675356179
Transform:
  m_ObjectHideFlags: 0
  m_CorrespondingSourceObject: {fileID: 0}
  m_PrefabInstance: {fileID: 0}
  m_PrefabAsset: {fileID: 0}
  m_GameObject: {fileID: 3829299862674925107}
  m_LocalRotation: {x: 1.7763683e-15, y: -1.41552e-15, z: 0.000008122064, w: 1}
  m_LocalPosition: {x: -0.15051079, y: 0.000000042319297, z: -2.2737367e-15}
  m_LocalScale: {x: 1, y: 1, z: 1}
  m_Children: []
  m_Father: {fileID: 3829299862675356209}
  m_RootOrder: 0
  m_LocalEulerAnglesHint: {x: 2.035581e-13, y: -1.6220498e-13, z: 0.00093071995}
--- !u!1 &3829299862674925109
GameObject:
  m_ObjectHideFlags: 0
  m_CorrespondingSourceObject: {fileID: 0}
  m_PrefabInstance: {fileID: 0}
  m_PrefabAsset: {fileID: 0}
  serializedVersion: 6
  m_Component:
  - component: {fileID: 3829299862675356181}
  m_Layer: 13
  m_Name: IK Chain003
  m_TagString: Untagged
  m_Icon: {fileID: 0}
  m_NavMeshLayer: 0
  m_StaticEditorFlags: 0
  m_IsActive: 1
--- !u!4 &3829299862675356181
Transform:
  m_ObjectHideFlags: 0
  m_CorrespondingSourceObject: {fileID: 0}
  m_PrefabInstance: {fileID: 0}
  m_PrefabAsset: {fileID: 0}
  m_GameObject: {fileID: 3829299862674925109}
  m_LocalRotation: {x: -0.7071068, y: 0.0000000070221353, z: -0.00000021495035, w: 0.7071067}
  m_LocalPosition: {x: -0.00013237978, y: 0.4986115, z: -0.3748275}
  m_LocalScale: {x: 1, y: 1, z: 1}
  m_Children: []
  m_Father: {fileID: 3829299862675356215}
  m_RootOrder: 3
  m_LocalEulerAnglesHint: {x: -89.98021, y: 0.000001137986, z: 0}
--- !u!1 &3829299862674925111
GameObject:
  m_ObjectHideFlags: 0
  m_CorrespondingSourceObject: {fileID: 0}
  m_PrefabInstance: {fileID: 0}
  m_PrefabAsset: {fileID: 0}
  serializedVersion: 6
  m_Component:
  - component: {fileID: 3829299862675356183}
  m_Layer: 13
  m_Name: IK Chain002
  m_TagString: Untagged
  m_Icon: {fileID: 0}
  m_NavMeshLayer: 0
  m_StaticEditorFlags: 0
  m_IsActive: 1
--- !u!4 &3829299862675356183
Transform:
  m_ObjectHideFlags: 0
  m_CorrespondingSourceObject: {fileID: 0}
  m_PrefabInstance: {fileID: 0}
  m_PrefabAsset: {fileID: 0}
  m_GameObject: {fileID: 3829299862674925111}
  m_LocalRotation: {x: -0.7071068, y: 0.0000000070221353, z: -0.00000021495035, w: 0.7071067}
  m_LocalPosition: {x: -0.18573423, y: 0.4989723, z: -0.32176846}
  m_LocalScale: {x: 1, y: 1, z: 1}
  m_Children: []
  m_Father: {fileID: 3829299862675356215}
  m_RootOrder: 2
  m_LocalEulerAnglesHint: {x: -89.98021, y: 0.000001137986, z: 0}
--- !u!1 &3829299862674925113
GameObject:
  m_ObjectHideFlags: 0
  m_CorrespondingSourceObject: {fileID: 0}
  m_PrefabInstance: {fileID: 0}
  m_PrefabAsset: {fileID: 0}
  serializedVersion: 6
  m_Component:
  - component: {fileID: 3829299862675356185}
  m_Layer: 13
  m_Name: Bone026
  m_TagString: Untagged
  m_Icon: {fileID: 0}
  m_NavMeshLayer: 0
  m_StaticEditorFlags: 0
  m_IsActive: 1
--- !u!4 &3829299862675356185
Transform:
  m_ObjectHideFlags: 0
  m_CorrespondingSourceObject: {fileID: 0}
  m_PrefabInstance: {fileID: 0}
  m_PrefabAsset: {fileID: 0}
  m_GameObject: {fileID: 3829299862674925113}
  m_LocalRotation: {x: 0.14676884, y: -0.7945737, z: -0.21217655, w: 0.5496295}
  m_LocalPosition: {x: -0.09878925, y: -0.000000022053719, z: -0.00000005283252}
  m_LocalScale: {x: 1, y: 1, z: 1}
  m_Children:
  - {fileID: 3829299862675356241}
  m_Father: {fileID: 3829299862675356239}
  m_RootOrder: 11
  m_LocalEulerAnglesHint: {x: -10.127709, y: -108.09641, z: -28.28501}
--- !u!1 &3829299862674925115
GameObject:
  m_ObjectHideFlags: 0
  m_CorrespondingSourceObject: {fileID: 0}
  m_PrefabInstance: {fileID: 0}
  m_PrefabAsset: {fileID: 0}
  serializedVersion: 6
  m_Component:
  - component: {fileID: 3829299862675356187}
  m_Layer: 13
  m_Name: Bone024
  m_TagString: Untagged
  m_Icon: {fileID: 0}
  m_NavMeshLayer: 0
  m_StaticEditorFlags: 0
  m_IsActive: 1
--- !u!4 &3829299862675356187
Transform:
  m_ObjectHideFlags: 0
  m_CorrespondingSourceObject: {fileID: 0}
  m_PrefabInstance: {fileID: 0}
  m_PrefabAsset: {fileID: 0}
  m_GameObject: {fileID: 3829299862674925115}
  m_LocalRotation: {x: -0.2828177, y: 0.71408135, z: 0.4117699, w: -0.49045646}
  m_LocalPosition: {x: -0.09878925, y: 0.0000000218302, z: -0.000000052944355}
  m_LocalScale: {x: 1, y: 1, z: 1}
  m_Children:
  - {fileID: 3829299862675356247}
  m_Father: {fileID: 3829299862675356239}
  m_RootOrder: 10
  m_LocalEulerAnglesHint: {x: -18.098698, y: -100.903465, z: -58.197445}
--- !u!1 &3829299862674925117
GameObject:
  m_ObjectHideFlags: 0
  m_CorrespondingSourceObject: {fileID: 0}
  m_PrefabInstance: {fileID: 0}
  m_PrefabAsset: {fileID: 0}
  serializedVersion: 6
  m_Component:
  - component: {fileID: 3829299862675356189}
  m_Layer: 13
  m_Name: Bone030
  m_TagString: Untagged
  m_Icon: {fileID: 0}
  m_NavMeshLayer: 0
  m_StaticEditorFlags: 0
  m_IsActive: 1
--- !u!4 &3829299862675356189
Transform:
  m_ObjectHideFlags: 0
  m_CorrespondingSourceObject: {fileID: 0}
  m_PrefabInstance: {fileID: 0}
  m_PrefabAsset: {fileID: 0}
  m_GameObject: {fileID: 3829299862674925117}
  m_LocalRotation: {x: -0.40286627, y: -0.5812078, z: 0.5821895, w: 0.40118778}
  m_LocalPosition: {x: -0.09878925, y: -0.000000022053719, z: -0.000000052943776}
  m_LocalScale: {x: 1, y: 1, z: 1}
  m_Children:
  - {fileID: 3829299862675356249}
  m_Father: {fileID: 3829299862675356239}
  m_RootOrder: 13
  m_LocalEulerAnglesHint: {x: 20.701303, y: -90.01271, z: 90.15261}
--- !u!1 &3829299862674925119
GameObject:
  m_ObjectHideFlags: 0
  m_CorrespondingSourceObject: {fileID: 0}
  m_PrefabInstance: {fileID: 0}
  m_PrefabAsset: {fileID: 0}
  serializedVersion: 6
  m_Component:
  - component: {fileID: 3829299862675356191}
  m_Layer: 13
  m_Name: Bone028
  m_TagString: Untagged
  m_Icon: {fileID: 0}
  m_NavMeshLayer: 0
  m_StaticEditorFlags: 0
  m_IsActive: 1
--- !u!4 &3829299862675356191
Transform:
  m_ObjectHideFlags: 0
  m_CorrespondingSourceObject: {fileID: 0}
  m_PrefabInstance: {fileID: 0}
  m_PrefabAsset: {fileID: 0}
  m_GameObject: {fileID: 3829299862674925119}
  m_LocalRotation: {x: -0.0014877331, y: -0.8223298, z: 0.0024388956, w: 0.56900394}
  m_LocalPosition: {x: -0.09878925, y: 0.0000000218302, z: -0.00000005294365}
  m_LocalScale: {x: 1, y: 1, z: 0.99999994}
  m_Children:
  - {fileID: 3829299862675356243}
  m_Father: {fileID: 3829299862675356239}
  m_RootOrder: 12
  m_LocalEulerAnglesHint: {x: 0.13281754, y: -110.637726, z: 0.29921773}
--- !u!1 &3829299862674925121
GameObject:
  m_ObjectHideFlags: 0
  m_CorrespondingSourceObject: {fileID: 0}
  m_PrefabInstance: {fileID: 0}
  m_PrefabAsset: {fileID: 0}
  serializedVersion: 6
  m_Component:
  - component: {fileID: 3829299862675356193}
  m_Layer: 13
  m_Name: IK Chain009
  m_TagString: Untagged
  m_Icon: {fileID: 0}
  m_NavMeshLayer: 0
  m_StaticEditorFlags: 0
  m_IsActive: 1
--- !u!4 &3829299862675356193
Transform:
  m_ObjectHideFlags: 0
  m_CorrespondingSourceObject: {fileID: 0}
  m_PrefabInstance: {fileID: 0}
  m_PrefabAsset: {fileID: 0}
  m_GameObject: {fileID: 3829299862674925121}
  m_LocalRotation: {x: -0.7071068, y: 0.0000000070221353, z: -0.00000021495035, w: 0.7071067}
  m_LocalPosition: {x: 0.0010952109, y: 0.5003775, z: 0.37275293}
  m_LocalScale: {x: 1, y: 1, z: 1}
  m_Children: []
  m_Father: {fileID: 3829299862675356215}
  m_RootOrder: 9
  m_LocalEulerAnglesHint: {x: -89.98021, y: 0.000001137986, z: 0}
--- !u!1 &3829299862674925123
GameObject:
  m_ObjectHideFlags: 0
  m_CorrespondingSourceObject: {fileID: 0}
  m_PrefabInstance: {fileID: 0}
  m_PrefabAsset: {fileID: 0}
  serializedVersion: 6
  m_Component:
  - component: {fileID: 3829299862675356195}
  m_Layer: 13
  m_Name: IK Chain008
  m_TagString: Untagged
  m_Icon: {fileID: 0}
  m_NavMeshLayer: 0
  m_StaticEditorFlags: 0
  m_IsActive: 1
--- !u!4 &3829299862675356195
Transform:
  m_ObjectHideFlags: 0
  m_CorrespondingSourceObject: {fileID: 0}
  m_PrefabInstance: {fileID: 0}
  m_PrefabAsset: {fileID: 0}
  m_GameObject: {fileID: 3829299862674925123}
  m_LocalRotation: {x: -0.7071068, y: 0.0000000070221353, z: -0.00000021495035, w: 0.7071067}
  m_LocalPosition: {x: 0.18858549, y: 0.4998162, z: 0.32418716}
  m_LocalScale: {x: 1, y: 1, z: 1}
  m_Children: []
  m_Father: {fileID: 3829299862675356215}
  m_RootOrder: 8
  m_LocalEulerAnglesHint: {x: -89.98021, y: 0.000001137986, z: 0}
--- !u!1 &3829299862674925125
GameObject:
  m_ObjectHideFlags: 0
  m_CorrespondingSourceObject: {fileID: 0}
  m_PrefabInstance: {fileID: 0}
  m_PrefabAsset: {fileID: 0}
  serializedVersion: 6
  m_Component:
  - component: {fileID: 3829299862675356197}
  m_Layer: 13
  m_Name: IK Chain011
  m_TagString: Untagged
  m_Icon: {fileID: 0}
  m_NavMeshLayer: 0
  m_StaticEditorFlags: 0
  m_IsActive: 1
--- !u!4 &3829299862675356197
Transform:
  m_ObjectHideFlags: 0
  m_CorrespondingSourceObject: {fileID: 0}
  m_PrefabInstance: {fileID: 0}
  m_PrefabAsset: {fileID: 0}
  m_GameObject: {fileID: 3829299862674925125}
  m_LocalRotation: {x: -0.7071068, y: 0.0000000070221353, z: -0.00000021495035, w: 0.7071067}
  m_LocalPosition: {x: -0.32425815, y: 0.49698943, z: 0.18786201}
  m_LocalScale: {x: 1, y: 1, z: 1}
  m_Children: []
  m_Father: {fileID: 3829299862675356215}
  m_RootOrder: 11
  m_LocalEulerAnglesHint: {x: -89.98021, y: 0.000001137986, z: 0}
--- !u!1 &3829299862674925127
GameObject:
  m_ObjectHideFlags: 0
  m_CorrespondingSourceObject: {fileID: 0}
  m_PrefabInstance: {fileID: 0}
  m_PrefabAsset: {fileID: 0}
  serializedVersion: 6
  m_Component:
  - component: {fileID: 3829299862675356199}
  m_Layer: 13
  m_Name: IK Chain010
  m_TagString: Untagged
  m_Icon: {fileID: 0}
  m_NavMeshLayer: 0
  m_StaticEditorFlags: 0
  m_IsActive: 1
--- !u!4 &3829299862675356199
Transform:
  m_ObjectHideFlags: 0
  m_CorrespondingSourceObject: {fileID: 0}
  m_PrefabInstance: {fileID: 0}
  m_PrefabAsset: {fileID: 0}
  m_GameObject: {fileID: 3829299862674925127}
  m_LocalRotation: {x: -0.7071068, y: 0.0000000070221353, z: -0.00000021495035, w: 0.7071067}
  m_LocalPosition: {x: -0.18765344, y: 0.50007606, z: 0.32651347}
  m_LocalScale: {x: 1, y: 1, z: 1}
  m_Children: []
  m_Father: {fileID: 3829299862675356215}
  m_RootOrder: 10
  m_LocalEulerAnglesHint: {x: -89.98021, y: 0.000001137986, z: 0}
--- !u!1 &3829299862674925129
GameObject:
  m_ObjectHideFlags: 0
  m_CorrespondingSourceObject: {fileID: 0}
  m_PrefabInstance: {fileID: 0}
  m_PrefabAsset: {fileID: 0}
  serializedVersion: 6
  m_Component:
  - component: {fileID: 3829299862675356201}
  m_Layer: 13
  m_Name: IK Chain005
  m_TagString: Untagged
  m_Icon: {fileID: 0}
  m_NavMeshLayer: 0
  m_StaticEditorFlags: 0
  m_IsActive: 1
--- !u!4 &3829299862675356201
Transform:
  m_ObjectHideFlags: 0
  m_CorrespondingSourceObject: {fileID: 0}
  m_PrefabInstance: {fileID: 0}
  m_PrefabAsset: {fileID: 0}
  m_GameObject: {fileID: 3829299862674925129}
  m_LocalRotation: {x: -0.7071068, y: 0.0000000070221353, z: -0.00000021495035, w: 0.7071067}
  m_LocalPosition: {x: 0.32542926, y: 0.50043136, z: -0.18730812}
  m_LocalScale: {x: 1, y: 1, z: 1}
  m_Children: []
  m_Father: {fileID: 3829299862675356215}
  m_RootOrder: 5
  m_LocalEulerAnglesHint: {x: -89.98021, y: 0.000001137986, z: 0}
--- !u!1 &3829299862674925131
GameObject:
  m_ObjectHideFlags: 0
  m_CorrespondingSourceObject: {fileID: 0}
  m_PrefabInstance: {fileID: 0}
  m_PrefabAsset: {fileID: 0}
  serializedVersion: 6
  m_Component:
  - component: {fileID: 3829299862675356203}
  m_Layer: 13
  m_Name: IK Chain004
  m_TagString: Untagged
  m_Icon: {fileID: 0}
  m_NavMeshLayer: 0
  m_StaticEditorFlags: 0
  m_IsActive: 1
--- !u!4 &3829299862675356203
Transform:
  m_ObjectHideFlags: 0
  m_CorrespondingSourceObject: {fileID: 0}
  m_PrefabInstance: {fileID: 0}
  m_PrefabAsset: {fileID: 0}
  m_GameObject: {fileID: 3829299862674925131}
  m_LocalRotation: {x: -0.7071068, y: 0.0000000070221353, z: -0.00000021495035, w: 0.7071067}
  m_LocalPosition: {x: 0.18757094, y: 0.49985245, z: -0.32539612}
  m_LocalScale: {x: 1, y: 1, z: 1}
  m_Children: []
  m_Father: {fileID: 3829299862675356215}
  m_RootOrder: 4
  m_LocalEulerAnglesHint: {x: -89.98021, y: 0.000001137986, z: 0}
--- !u!1 &3829299862674925133
GameObject:
  m_ObjectHideFlags: 0
  m_CorrespondingSourceObject: {fileID: 0}
  m_PrefabInstance: {fileID: 0}
  m_PrefabAsset: {fileID: 0}
  serializedVersion: 6
  m_Component:
  - component: {fileID: 3829299862675356205}
  m_Layer: 13
  m_Name: IK Chain007
  m_TagString: Untagged
  m_Icon: {fileID: 0}
  m_NavMeshLayer: 0
  m_StaticEditorFlags: 0
  m_IsActive: 1
--- !u!4 &3829299862675356205
Transform:
  m_ObjectHideFlags: 0
  m_CorrespondingSourceObject: {fileID: 0}
  m_PrefabInstance: {fileID: 0}
  m_PrefabAsset: {fileID: 0}
  m_GameObject: {fileID: 3829299862674925133}
  m_LocalRotation: {x: -0.7071068, y: 0.0000000070221353, z: -0.00000021495035, w: 0.7071067}
  m_LocalPosition: {x: 0.32428625, y: 0.4983494, z: 0.18735792}
  m_LocalScale: {x: 1, y: 1, z: 1}
  m_Children: []
  m_Father: {fileID: 3829299862675356215}
  m_RootOrder: 7
  m_LocalEulerAnglesHint: {x: -89.98021, y: 0.000001137986, z: 0}
--- !u!1 &3829299862674925135
GameObject:
  m_ObjectHideFlags: 0
  m_CorrespondingSourceObject: {fileID: 0}
  m_PrefabInstance: {fileID: 0}
  m_PrefabAsset: {fileID: 0}
  serializedVersion: 6
  m_Component:
  - component: {fileID: 3829299862675356207}
  m_Layer: 13
  m_Name: IK Chain006
  m_TagString: Untagged
  m_Icon: {fileID: 0}
  m_NavMeshLayer: 0
  m_StaticEditorFlags: 0
  m_IsActive: 1
--- !u!4 &3829299862675356207
Transform:
  m_ObjectHideFlags: 0
  m_CorrespondingSourceObject: {fileID: 0}
  m_PrefabInstance: {fileID: 0}
  m_PrefabAsset: {fileID: 0}
  m_GameObject: {fileID: 3829299862674925135}
  m_LocalRotation: {x: -0.7071068, y: 0.0000000070221353, z: -0.00000021495035, w: 0.7071067}
  m_LocalPosition: {x: 0.37427723, y: 0.50070375, z: -0.0006626738}
  m_LocalScale: {x: 1, y: 1, z: 1}
  m_Children: []
  m_Father: {fileID: 3829299862675356215}
  m_RootOrder: 6
  m_LocalEulerAnglesHint: {x: -89.98021, y: 0.000001137986, z: 0}
--- !u!1 &3829299862674925137
GameObject:
  m_ObjectHideFlags: 0
  m_CorrespondingSourceObject: {fileID: 0}
  m_PrefabInstance: {fileID: 0}
  m_PrefabAsset: {fileID: 0}
  serializedVersion: 6
  m_Component:
  - component: {fileID: 3829299862675356209}
  m_Layer: 13
  m_Name: Leg_3
  m_TagString: Untagged
  m_Icon: {fileID: 0}
  m_NavMeshLayer: 0
  m_StaticEditorFlags: 0
  m_IsActive: 1
--- !u!4 &3829299862675356209
Transform:
  m_ObjectHideFlags: 0
  m_CorrespondingSourceObject: {fileID: 0}
  m_PrefabInstance: {fileID: 0}
  m_PrefabAsset: {fileID: 0}
  m_GameObject: {fileID: 3829299862674925137}
  m_LocalRotation: {x: -0.000000025041745, y: -0.00000002117829, z: -0.76354986, w: 0.6457489}
  m_LocalPosition: {x: -0.30226043, y: 0.000000014454126, z: 2.046363e-14}
  m_LocalScale: {x: 1.0000004, y: 1.0000004, z: 1}
  m_Children:
  - {fileID: 3829299862675356179}
  m_Father: {fileID: 3829299862675356211}
  m_RootOrder: 0
  m_LocalEulerAnglesHint: {x: -0.0000037060468, y: 0.00000062392405, z: -99.5563}
--- !u!1 &3829299862674925139
GameObject:
  m_ObjectHideFlags: 0
  m_CorrespondingSourceObject: {fileID: 0}
  m_PrefabInstance: {fileID: 0}
  m_PrefabAsset: {fileID: 0}
  serializedVersion: 6
  m_Component:
  - component: {fileID: 3829299862675356211}
  m_Layer: 13
  m_Name: Leg2
  m_TagString: Untagged
  m_Icon: {fileID: 0}
  m_NavMeshLayer: 0
  m_StaticEditorFlags: 0
  m_IsActive: 1
--- !u!4 &3829299862675356211
Transform:
  m_ObjectHideFlags: 0
  m_CorrespondingSourceObject: {fileID: 0}
  m_PrefabInstance: {fileID: 0}
  m_PrefabAsset: {fileID: 0}
  m_GameObject: {fileID: 3829299862674925139}
  m_LocalRotation: {x: 0.0000003957243, y: 0.000000015280152, z: 0.20944014, w: 0.9778215}
  m_LocalPosition: {x: -0.2319284, y: 0.000000019073486, z: 0.000000045375405}
  m_LocalScale: {x: 0.9999998, y: 0.9999998, z: 1}
  m_Children:
  - {fileID: 3829299862675356209}
  m_Father: {fileID: 3829299862675356221}
  m_RootOrder: 0
  m_LocalEulerAnglesHint: {x: 0.000043974214, y: 0.000011209552, z: 24.179089}
--- !u!1 &3829299862674925141
GameObject:
  m_ObjectHideFlags: 0
  m_CorrespondingSourceObject: {fileID: 0}
  m_PrefabInstance: {fileID: 0}
  m_PrefabAsset: {fileID: 0}
  serializedVersion: 6
  m_Component:
  - component: {fileID: 3829299862675356213}
  - component: {fileID: 3829299862686427947}
  m_Layer: 13
  m_Name: Model
  m_TagString: Untagged
  m_Icon: {fileID: 0}
  m_NavMeshLayer: 0
  m_StaticEditorFlags: 0
  m_IsActive: 1
--- !u!4 &3829299862675356213
Transform:
  m_ObjectHideFlags: 0
  m_CorrespondingSourceObject: {fileID: 0}
  m_PrefabInstance: {fileID: 0}
  m_PrefabAsset: {fileID: 0}
  m_GameObject: {fileID: 3829299862674925141}
  m_LocalRotation: {x: -0.7071068, y: 0, z: -0, w: 0.7071068}
  m_LocalPosition: {x: -0, y: -0.03383671, z: -0.0000000014790497}
  m_LocalScale: {x: 1, y: 1, z: 1}
  m_Children: []
  m_Father: {fileID: 3829299862675356215}
  m_RootOrder: 13
  m_LocalEulerAnglesHint: {x: 0, y: 0, z: 0}
--- !u!137 &3829299862686427947
SkinnedMeshRenderer:
  m_ObjectHideFlags: 0
  m_CorrespondingSourceObject: {fileID: 0}
  m_PrefabInstance: {fileID: 0}
  m_PrefabAsset: {fileID: 0}
  m_GameObject: {fileID: 3829299862674925141}
  m_Enabled: 1
  m_CastShadows: 1
  m_ReceiveShadows: 1
  m_DynamicOccludee: 1
  m_MotionVectors: 1
  m_LightProbeUsage: 1
  m_ReflectionProbeUsage: 1
  m_RenderingLayerMask: 1
  m_RendererPriority: 0
  m_Materials:
  - {fileID: 2100000, guid: a84fb67f012d9a446a41432403f76be8, type: 2}
  m_StaticBatchInfo:
    firstSubMesh: 0
    subMeshCount: 0
  m_StaticBatchRoot: {fileID: 0}
  m_ProbeAnchor: {fileID: 0}
  m_LightProbeVolumeOverride: {fileID: 0}
  m_ScaleInLightmap: 1
  m_PreserveUVs: 0
  m_IgnoreNormalsForChartDetection: 0
  m_ImportantGI: 0
  m_StitchLightmapSeams: 0
  m_SelectedEditorRenderState: 3
  m_MinimumChartSize: 4
  m_AutoUVMaxDistance: 0.5
  m_AutoUVMaxAngle: 89
  m_LightmapParameters: {fileID: 0}
  m_SortingLayerID: 0
  m_SortingLayer: 0
  m_SortingOrder: 0
  serializedVersion: 2
  m_Quality: 0
  m_UpdateWhenOffscreen: 0
  m_SkinnedMotionVectors: 1
  m_Mesh: {fileID: 4300000, guid: 41ffffa94f1593b41a5d94b86be85bf7, type: 3}
  m_Bones:
  - {fileID: 3829299862675356243}
  - {fileID: 3829299862675356241}
  - {fileID: 3829299862675356247}
  - {fileID: 3829299862675356245}
  - {fileID: 3829299862675356225}
  - {fileID: 3829299862675356231}
  - {fileID: 3829299862675356229}
  - {fileID: 3829299862675356227}
  - {fileID: 3829299862675356251}
  - {fileID: 3829299862675356171}
  - {fileID: 3829299862675356249}
  - {fileID: 3829299862675356255}
  - {fileID: 3829299862675356173}
  - {fileID: 3829299862675356253}
  - {fileID: 3829299862675356237}
  - {fileID: 3829299862675356221}
  - {fileID: 3829299862675356239}
  - {fileID: 3829299862675356209}
  - {fileID: 3829299862675356211}
  m_BlendShapeWeights: []
  m_RootBone: {fileID: 3829299862675356239}
  m_AABB:
    m_Center: {x: 0.22221357, y: -0.022499517, z: 0.0066937804}
    m_Extent: {x: 0.35083884, y: 0.39682543, z: 0.38212886}
  m_DirtyAABB: 0
--- !u!1 &3829299862674925143
GameObject:
  m_ObjectHideFlags: 0
  m_CorrespondingSourceObject: {fileID: 0}
  m_PrefabInstance: {fileID: 0}
  m_PrefabAsset: {fileID: 0}
  serializedVersion: 6
  m_Component:
  - component: {fileID: 3829299862675356215}
  - component: {fileID: 3829299862682310123}
  - component: {fileID: 6372250246179930337}
  - component: {fileID: 4579811517547881145}
  - component: {fileID: 3064007778418662654}
  - component: {fileID: 5970908496660294515}
  - component: {fileID: 2480214045041873763}
  - component: {fileID: 6352483588173310438}
  - component: {fileID: 319555434}
  - component: {fileID: 319555435}
  - component: {fileID: 319555436}
  - component: {fileID: 6564111776823210520}
  m_Layer: 13
  m_Name: MaDuLuc
  m_TagString: Monster
  m_Icon: {fileID: 0}
  m_NavMeshLayer: 0
  m_StaticEditorFlags: 0
  m_IsActive: 1
--- !u!4 &3829299862675356215
Transform:
  m_ObjectHideFlags: 0
  m_CorrespondingSourceObject: {fileID: 0}
  m_PrefabInstance: {fileID: 0}
  m_PrefabAsset: {fileID: 0}
  m_GameObject: {fileID: 3829299862674925143}
  m_LocalRotation: {x: 0, y: 0, z: 0, w: 1}
  m_LocalPosition: {x: -16.98576, y: 7.814312, z: 35.787895}
  m_LocalScale: {x: 2, y: 2, z: 2}
  m_Children:
  - {fileID: 3829299862675356239}
  - {fileID: 3829299862675356177}
  - {fileID: 3829299862675356183}
  - {fileID: 3829299862675356181}
  - {fileID: 3829299862675356203}
  - {fileID: 3829299862675356201}
  - {fileID: 3829299862675356207}
  - {fileID: 3829299862675356205}
  - {fileID: 3829299862675356195}
  - {fileID: 3829299862675356193}
  - {fileID: 3829299862675356199}
  - {fileID: 3829299862675356197}
  - {fileID: 3829299862675356219}
  - {fileID: 3829299862675356213}
  - {fileID: 3829299862675356235}
  - {fileID: 3829299862675356233}
  - {fileID: 7022923020040161863}
  - {fileID: 794502638865257922}
  m_Father: {fileID: 0}
  m_RootOrder: 0
  m_LocalEulerAnglesHint: {x: 0, y: 0, z: 0}
--- !u!95 &3829299862682310123
Animator:
  serializedVersion: 3
  m_ObjectHideFlags: 0
  m_CorrespondingSourceObject: {fileID: 0}
  m_PrefabInstance: {fileID: 0}
  m_PrefabAsset: {fileID: 0}
  m_GameObject: {fileID: 3829299862674925143}
  m_Enabled: 1
  m_Avatar: {fileID: 9000000, guid: 41ffffa94f1593b41a5d94b86be85bf7, type: 3}
  m_Controller: {fileID: 9100000, guid: 4f4411807999cca4e8e85534ffedcc96, type: 2}
  m_CullingMode: 1
  m_UpdateMode: 0
  m_ApplyRootMotion: 0
  m_LinearVelocityBlending: 0
  m_WarningMessage: 
  m_HasTransformHierarchy: 1
  m_AllowConstantClipSamplingOptimization: 1
  m_KeepAnimatorControllerStateOnDisable: 0
--- !u!114 &6372250246179930337
MonoBehaviour:
  m_ObjectHideFlags: 0
  m_CorrespondingSourceObject: {fileID: 0}
  m_PrefabInstance: {fileID: 0}
  m_PrefabAsset: {fileID: 0}
  m_GameObject: {fileID: 3829299862674925143}
  m_Enabled: 1
  m_EditorHideFlags: 0
  m_Script: {fileID: 11500000, guid: e4285db280934784795ab128fedf45e8, type: 3}
  m_Name: 
  m_EditorClassIdentifier: 
  Id: 39
  style: 3
  pos: {x: -16.98576, y: 7.814312, z: 35.787895}
--- !u!114 &4579811517547881145
MonoBehaviour:
  m_ObjectHideFlags: 0
  m_CorrespondingSourceObject: {fileID: 0}
  m_PrefabInstance: {fileID: 0}
  m_PrefabAsset: {fileID: 0}
  m_GameObject: {fileID: 3829299862674925143}
  m_Enabled: 1
  m_EditorHideFlags: 0
  m_Script: {fileID: 11500000, guid: 522a177cafade7f44b8f68114d39d0f6, type: 3}
  m_Name: 
  m_EditorClassIdentifier: 
  nameMonster: 
  id: 0
  basicHP: 0
  basicATKDamge: 0
  basicMS: 0
  basicASMeeleUnit: 0
  basicASRangeUnit: 0
  basicCoolDownMin: 0
  basicCoolDownMax: 0
  raceType: 0
  atkType: 0
  heartDropRate: 0
  heartNumberMin: 0
  heartNumberMax: 0
  goldNumberMin: 0
  goldNumberMax: 0
  offSetSelectionTop: {x: 0, y: 0, z: 0}
  offSetSelectionScaleFoot: {x: 0, y: 0, z: 0}
  offSetSelectionScaleFX: {x: 0, y: 0, z: 0}
  _monsterAsset: {fileID: 0}
  _currentHP: 100
  _currentSpeedMove: 2
  _currentATKDamage: 30
  _currentASMeeleUnit: 1.5
  _currentASRangeUnit: 1.5
  _currentCoolDownMax: 0
  _currentCoolDownMin: 0
  _isTrap: 0
  imgHealtBar: {fileID: 244855083231922627}
  imgDamageBar: {fileID: 0}
  healtBar: {fileID: 2469516554790257493}
  hPBar: {fileID: 0}
  isBoss: 0
  EffectDamageType: 0
  isHopQua: 0
--- !u!195 &3064007778418662654
NavMeshAgent:
  m_ObjectHideFlags: 0
  m_CorrespondingSourceObject: {fileID: 0}
  m_PrefabInstance: {fileID: 0}
  m_PrefabAsset: {fileID: 0}
  m_GameObject: {fileID: 3829299862674925143}
  m_Enabled: 0
  m_AgentTypeID: 0
  m_Radius: 0.5
  m_Speed: 3.5
  m_Acceleration: 8
  avoidancePriority: 50
  m_AngularSpeed: 120
  m_StoppingDistance: 0
  m_AutoTraverseOffMeshLink: 1
  m_AutoBraking: 1
  m_AutoRepath: 1
  m_Height: 2
  m_BaseOffset: 0
  m_WalkableMask: 4294967295
  m_ObstacleAvoidanceType: 4
--- !u!54 &5970908496660294515
Rigidbody:
  m_ObjectHideFlags: 0
  m_CorrespondingSourceObject: {fileID: 0}
  m_PrefabInstance: {fileID: 0}
  m_PrefabAsset: {fileID: 0}
  m_GameObject: {fileID: 3829299862674925143}
  serializedVersion: 2
  m_Mass: 1
  m_Drag: 0
  m_AngularDrag: 0.05
  m_UseGravity: 1
  m_IsKinematic: 0
  m_Interpolate: 0
  m_Constraints: 112
  m_CollisionDetection: 0
--- !u!136 &2480214045041873763
CapsuleCollider:
  m_ObjectHideFlags: 0
  m_CorrespondingSourceObject: {fileID: 0}
  m_PrefabInstance: {fileID: 0}
  m_PrefabAsset: {fileID: 0}
  m_GameObject: {fileID: 3829299862674925143}
  m_Material: {fileID: 0}
  m_IsTrigger: 0
  m_Enabled: 1
  m_Radius: 0.35
  m_Height: 1
  m_Direction: 1
  m_Center: {x: 0, y: 0.45, z: 0}
--- !u!114 &6352483588173310438
MonoBehaviour:
  m_ObjectHideFlags: 0
  m_CorrespondingSourceObject: {fileID: 0}
  m_PrefabInstance: {fileID: 0}
  m_PrefabAsset: {fileID: 0}
  m_GameObject: {fileID: 3829299862674925143}
  m_Enabled: 1
  m_EditorHideFlags: 0
  m_Script: {fileID: 11500000, guid: a44f4ca7e7b0cbe4bad14f1eee72157d, type: 3}
  m_Name: 
  m_EditorClassIdentifier: 
  GoldPrefab: {fileID: 1594879466734162, guid: c82411508e9628b4e9f629bf2800542f, type: 3}
  ItemDrop: {fileID: 0}
  HeartDrop: {fileID: 0}
  ContentEff: {fileID: 0}
--- !u!114 &319555434
MonoBehaviour:
  m_ObjectHideFlags: 0
  m_CorrespondingSourceObject: {fileID: 0}
  m_PrefabInstance: {fileID: 0}
  m_PrefabAsset: {fileID: 0}
  m_GameObject: {fileID: 3829299862674925143}
  m_Enabled: 1
  m_EditorHideFlags: 0
  m_Script: {fileID: 11500000, guid: 9bd21ec32af39ea4193b189a726599c4, type: 3}
  m_Name: 
  m_EditorClassIdentifier: 
  isAttack: 1
  ShotType: 0
  TimeDelay: 1
  AllowMoveWhenSkilling: 0
  BulletType: 0
  FollowPlayer: 0
  NumberBullet: 0
  Angle: 0
  OffsetAngle: 0
  bullet: {fileID: 0}
  PosBullet: {fileID: 0}
  MyControl: {fileID: 0}
  PlayerObj: {fileID: 0}
  Amin: {fileID: 0}
  _myDetail: {fileID: 0}
  _skilling: 0
  _timelive: 0
  _currentTimeCoolDown: 0
  _conditionInGround: 1
  _freeSkillNumber: 0
  skillRandom: 0
--- !u!114 &319555435
MonoBehaviour:
  m_ObjectHideFlags: 0
  m_CorrespondingSourceObject: {fileID: 0}
  m_PrefabInstance: {fileID: 0}
  m_PrefabAsset: {fileID: 0}
  m_GameObject: {fileID: 3829299862674925143}
  m_Enabled: 1
  m_EditorHideFlags: 0
  m_Script: {fileID: 11500000, guid: f41eb36858e34a8408b734084b80a3a4, type: 3}
  m_Name: 
  m_EditorClassIdentifier: 
  FollowPlayer: 0
  CheckAtk: 0
  CheckDie: 0
  TimeStartATK: 0
  _player: {fileID: 0}
  _myDetail: {fileID: 0}
  isPoision: 0
  isIce: 0
  isBlast: 0
  isCold: 0
  Mesh: {fileID: 3829299862686427947}
  ShadowMesh: {fileID: 3829299862686427947}
  _amin: {fileID: 0}
  material: {fileID: 0}
  textureOld: {fileID: 0}
  textureHit: {fileID: 2800000, guid: 4757b8472c605a045a657ac064a1507b, type: 3}
  textureIce: {fileID: 2800000, guid: a1a49abe0896b1c46b2e3620ffb30140, type: 3}
  Hit: 0
  _timeCoolDownMaxDefault: 0
  _timeCoolDownMinDefault: 0
--- !u!114 &319555436
MonoBehaviour:
  m_ObjectHideFlags: 0
  m_CorrespondingSourceObject: {fileID: 0}
  m_PrefabInstance: {fileID: 0}
  m_PrefabAsset: {fileID: 0}
  m_GameObject: {fileID: 3829299862674925143}
  m_Enabled: 1
  m_EditorHideFlags: 0
  m_Script: {fileID: 11500000, guid: 3ec8d7667a74c2341b0c9657aea4ffcb, type: 3}
  m_Name: 
  m_EditorClassIdentifier: 
  MoveType: 2
  JumpUp: 300
  MoveStep: 1
  UseIsRun: 0
  FollowPlayer: 0
  TimeRandomDir: 5
  DistancePlayer: 3
  UseAI: 0
  ObjCheckInGround: {fileID: 0}
--- !u!114 &6564111776823210520
MonoBehaviour:
  m_ObjectHideFlags: 0
  m_CorrespondingSourceObject: {fileID: 0}
  m_PrefabInstance: {fileID: 0}
  m_PrefabAsset: {fileID: 0}
  m_GameObject: {fileID: 3829299862674925143}
  m_Enabled: 1
  m_EditorHideFlags: 0
  m_Script: {fileID: 11500000, guid: b6661afff8aaa0a498411f08eb080fd9, type: 3}
  m_Name: 
  m_EditorClassIdentifier: 
  StartAnimStr: Idle
  InAnimStr: Atk
  EndAnimStr: Idle
  TotalLoop: 0
  TimeOfStartAnim: 0.5
  TimeOfInAnim: 0.5
  TimeOfEndAnim: 0
  TimeCooldown: 2
  SkillPriority: 0
  SkillType: 0
  _skillTimeLive: 0
  _isReady: 1
  bullet: {fileID: 614042402610092073, guid: d565bdf526b1c274aa30b0a055d1c18a, type: 3}
  ShootType: 1
  NumberShoot: 3
  SpeedShoot: 0.3
  TimeMove: 2
  OffSetY: 0
  Auto: 1
  ARound: 0
  Distance: 0
  LookPlayer: 1
  Shoot: 0
  PosBullet: {fileID: 794502638865257922}
  Angle: 75
  RandomAngle: 0
  OffsetAngle: 0
  BulletType: 0
  ShootDown: 0
  speedBulletMove: 0.5
--- !u!1 &3829299862674925145
GameObject:
  m_ObjectHideFlags: 0
  m_CorrespondingSourceObject: {fileID: 0}
  m_PrefabInstance: {fileID: 0}
  m_PrefabAsset: {fileID: 0}
  serializedVersion: 6
  m_Component:
  - component: {fileID: 3829299862675356217}
  m_Layer: 13
  m_Name: IK Chain014
  m_TagString: Untagged
  m_Icon: {fileID: 0}
  m_NavMeshLayer: 0
  m_StaticEditorFlags: 0
  m_IsActive: 1
--- !u!4 &3829299862675356217
Transform:
  m_ObjectHideFlags: 0
  m_CorrespondingSourceObject: {fileID: 0}
  m_PrefabInstance: {fileID: 0}
  m_PrefabAsset: {fileID: 0}
  m_GameObject: {fileID: 3829299862674925145}
  m_LocalRotation: {x: 0, y: -0, z: -0, w: 1}
  m_LocalPosition: {x: 0.000000023209449, y: -0.14963846, z: 0.004170973}
  m_LocalScale: {x: 1, y: 1, z: 1}
  m_Children:
  - {fileID: 3829299862675356223}
  m_Father: {fileID: 3829299862675356235}
  m_RootOrder: 0
  m_LocalEulerAnglesHint: {x: 0, y: 0, z: 0}
--- !u!1 &3829299862674925147
GameObject:
  m_ObjectHideFlags: 0
  m_CorrespondingSourceObject: {fileID: 0}
  m_PrefabInstance: {fileID: 0}
  m_PrefabAsset: {fileID: 0}
  serializedVersion: 6
  m_Component:
  - component: {fileID: 3829299862675356219}
  m_Layer: 13
  m_Name: IK Chain012
  m_TagString: Untagged
  m_Icon: {fileID: 0}
  m_NavMeshLayer: 0
  m_StaticEditorFlags: 0
  m_IsActive: 1
--- !u!4 &3829299862675356219
Transform:
  m_ObjectHideFlags: 0
  m_CorrespondingSourceObject: {fileID: 0}
  m_PrefabInstance: {fileID: 0}
  m_PrefabAsset: {fileID: 0}
  m_GameObject: {fileID: 3829299862674925147}
  m_LocalRotation: {x: -0.7071068, y: 0.0000000070221353, z: -0.00000021495035, w: 0.7071067}
  m_LocalPosition: {x: -0.37514865, y: 0.5002651, z: 0.0012383887}
  m_LocalScale: {x: 1, y: 1, z: 1}
  m_Children: []
  m_Father: {fileID: 3829299862675356215}
  m_RootOrder: 12
  m_LocalEulerAnglesHint: {x: -89.98021, y: 0.000001137986, z: 0}
--- !u!1 &3829299862674925149
GameObject:
  m_ObjectHideFlags: 0
  m_CorrespondingSourceObject: {fileID: 0}
  m_PrefabInstance: {fileID: 0}
  m_PrefabAsset: {fileID: 0}
  serializedVersion: 6
  m_Component:
  - component: {fileID: 3829299862675356221}
  m_Layer: 13
  m_Name: Leg
  m_TagString: Untagged
  m_Icon: {fileID: 0}
  m_NavMeshLayer: 0
  m_StaticEditorFlags: 0
  m_IsActive: 1
--- !u!4 &3829299862675356221
Transform:
  m_ObjectHideFlags: 0
  m_CorrespondingSourceObject: {fileID: 0}
  m_PrefabInstance: {fileID: 0}
  m_PrefabAsset: {fileID: 0}
  m_GameObject: {fileID: 3829299862674925149}
  m_LocalRotation: {x: -0.000000027822859, y: -0.00000023678957, z: 0.9931675, w: 0.11669753}
  m_LocalPosition: {x: 0.11205505, y: -0.0010186755, z: 0.000000029300178}
  m_LocalScale: {x: 1, y: 1, z: 1}
  m_Children:
  - {fileID: 3829299862675356211}
  m_Father: {fileID: 3829299862675356237}
  m_RootOrder: 0
  m_LocalEulerAnglesHint: {x: 0.00002657663, y: -0.000006332961, z: 166.5969}
--- !u!1 &3829299862674925151
GameObject:
  m_ObjectHideFlags: 0
  m_CorrespondingSourceObject: {fileID: 0}
  m_PrefabInstance: {fileID: 0}
  m_PrefabAsset: {fileID: 0}
  serializedVersion: 6
  m_Component:
  - component: {fileID: 3829299862675356223}
  m_Layer: 13
  m_Name: IK Chain015
  m_TagString: Untagged
  m_Icon: {fileID: 0}
  m_NavMeshLayer: 0
  m_StaticEditorFlags: 0
  m_IsActive: 1
--- !u!4 &3829299862675356223
Transform:
  m_ObjectHideFlags: 0
  m_CorrespondingSourceObject: {fileID: 0}
  m_PrefabInstance: {fileID: 0}
  m_PrefabAsset: {fileID: 0}
  m_GameObject: {fileID: 3829299862674925151}
  m_LocalRotation: {x: 0, y: -0, z: -0, w: 1}
  m_LocalPosition: {x: -0.000000006578236, y: 0.1504932, z: 0.0027932145}
  m_LocalScale: {x: 1, y: 1, z: 1}
  m_Children: []
  m_Father: {fileID: 3829299862675356217}
  m_RootOrder: 0
  m_LocalEulerAnglesHint: {x: 0, y: 0, z: 0}
--- !u!1 &3829299862674925153
GameObject:
  m_ObjectHideFlags: 0
  m_CorrespondingSourceObject: {fileID: 0}
  m_PrefabInstance: {fileID: 0}
  m_PrefabAsset: {fileID: 0}
  serializedVersion: 6
  m_Component:
  - component: {fileID: 3829299862675356225}
  m_Layer: 13
  m_Name: Top_10
  m_TagString: Untagged
  m_Icon: {fileID: 0}
  m_NavMeshLayer: 0
  m_StaticEditorFlags: 0
  m_IsActive: 1
--- !u!4 &3829299862675356225
Transform:
  m_ObjectHideFlags: 0
  m_CorrespondingSourceObject: {fileID: 0}
  m_PrefabInstance: {fileID: 0}
  m_PrefabAsset: {fileID: 0}
  m_GameObject: {fileID: 3829299862674925153}
  m_LocalRotation: {x: -0.0001725435, y: -0.0039919326, z: -0.038052246, w: 0.9992678}
  m_LocalPosition: {x: -0.40073845, y: -0.00000015258789, z: 0.000000023841856}
  m_LocalScale: {x: 1, y: 1, z: 1.0000002}
  m_Children: []
  m_Father: {fileID: 3829299862675356165}
  m_RootOrder: 0
  m_LocalEulerAnglesHint: {x: -0.037164237, y: -0.45635927, z: -4.3614054}
--- !u!1 &3829299862674925155
GameObject:
  m_ObjectHideFlags: 0
  m_CorrespondingSourceObject: {fileID: 0}
  m_PrefabInstance: {fileID: 0}
  m_PrefabAsset: {fileID: 0}
  serializedVersion: 6
  m_Component:
  - component: {fileID: 3829299862675356227}
  m_Layer: 13
  m_Name: Top_1
  m_TagString: Untagged
  m_Icon: {fileID: 0}
  m_NavMeshLayer: 0
  m_StaticEditorFlags: 0
  m_IsActive: 1
--- !u!4 &3829299862675356227
Transform:
  m_ObjectHideFlags: 0
  m_CorrespondingSourceObject: {fileID: 0}
  m_PrefabInstance: {fileID: 0}
  m_PrefabAsset: {fileID: 0}
  m_GameObject: {fileID: 3829299862674925155}
  m_LocalRotation: {x: -0.00017262125, y: 0.0010700304, z: 0.03812896, w: 0.9992723}
  m_LocalPosition: {x: -0.4013668, y: -0.000000076293944, z: -0.00000017166137}
  m_LocalScale: {x: 0.99999994, y: 1, z: 1.0000002}
  m_Children: []
  m_Father: {fileID: 3829299862675356167}
  m_RootOrder: 0
  m_LocalEulerAnglesHint: {x: -0.024441779, y: 0.12177307, z: 4.3702927}
--- !u!1 &3829299862674925157
GameObject:
  m_ObjectHideFlags: 0
  m_CorrespondingSourceObject: {fileID: 0}
  m_PrefabInstance: {fileID: 0}
  m_PrefabAsset: {fileID: 0}
  serializedVersion: 6
  m_Component:
  - component: {fileID: 3829299862675356229}
  m_Layer: 13
  m_Name: Top_12
  m_TagString: Untagged
  m_Icon: {fileID: 0}
  m_NavMeshLayer: 0
  m_StaticEditorFlags: 0
  m_IsActive: 1
--- !u!4 &3829299862675356229
Transform:
  m_ObjectHideFlags: 0
  m_CorrespondingSourceObject: {fileID: 0}
  m_PrefabInstance: {fileID: 0}
  m_PrefabAsset: {fileID: 0}
  m_GameObject: {fileID: 3829299862674925157}
  m_LocalRotation: {x: -0.000000045872657, y: -0.027751546, z: 0.026489252, w: 0.9992638}
  m_LocalPosition: {x: -0.39990538, y: 0, z: 0.000000038146972}
  m_LocalScale: {x: 1, y: 1.0000001, z: 0.9999999}
  m_Children: []
  m_Father: {fileID: 3829299862675356163}
  m_RootOrder: 0
  m_LocalEulerAnglesHint: {x: 0.08423305, y: -3.1793869, z: 3.034632}
--- !u!1 &3829299862674925159
GameObject:
  m_ObjectHideFlags: 0
  m_CorrespondingSourceObject: {fileID: 0}
  m_PrefabInstance: {fileID: 0}
  m_PrefabAsset: {fileID: 0}
  serializedVersion: 6
  m_Component:
  - component: {fileID: 3829299862675356231}
  m_Layer: 13
  m_Name: Top_11
  m_TagString: Untagged
  m_Icon: {fileID: 0}
  m_NavMeshLayer: 0
  m_StaticEditorFlags: 0
  m_IsActive: 1
--- !u!4 &3829299862675356231
Transform:
  m_ObjectHideFlags: 0
  m_CorrespondingSourceObject: {fileID: 0}
  m_PrefabInstance: {fileID: 0}
  m_PrefabAsset: {fileID: 0}
  m_GameObject: {fileID: 3829299862674925159}
  m_LocalRotation: {x: -0.00017256125, y: -0.023145666, z: -0.03049992, w: 0.99926674}
  m_LocalPosition: {x: -0.40073264, y: 0, z: 0}
  m_LocalScale: {x: 1, y: 1, z: 0.9999998}
  m_Children: []
  m_Father: {fileID: 3829299862675356175}
  m_RootOrder: 0
  m_LocalEulerAnglesHint: {x: -0.10065449, y: -2.6506991, z: -3.4941838}
--- !u!1 &3829299862674925161
GameObject:
  m_ObjectHideFlags: 0
  m_CorrespondingSourceObject: {fileID: 0}
  m_PrefabInstance: {fileID: 0}
  m_PrefabAsset: {fileID: 0}
  serializedVersion: 6
  m_Component:
  - component: {fileID: 3829299862675356233}
  m_Layer: 13
  m_Name: Ring
  m_TagString: Untagged
  m_Icon: {fileID: 0}
  m_NavMeshLayer: 0
  m_StaticEditorFlags: 0
  m_IsActive: 1
--- !u!4 &3829299862675356233
Transform:
  m_ObjectHideFlags: 0
  m_CorrespondingSourceObject: {fileID: 0}
  m_PrefabInstance: {fileID: 0}
  m_PrefabAsset: {fileID: 0}
  m_GameObject: {fileID: 3829299862674925161}
  m_LocalRotation: {x: -0.7071068, y: 0.0000000070221353, z: -0.00000021495035, w: 0.7071067}
  m_LocalPosition: {x: -2.8878577e-10, y: 0.19499706, z: 0.000000049993396}
  m_LocalScale: {x: 1, y: 1, z: 1}
  m_Children: []
  m_Father: {fileID: 3829299862675356215}
  m_RootOrder: 15
  m_LocalEulerAnglesHint: {x: -89.98021, y: 0.000001137986, z: 0}
--- !u!1 &3829299862674925163
GameObject:
  m_ObjectHideFlags: 0
  m_CorrespondingSourceObject: {fileID: 0}
  m_PrefabInstance: {fileID: 0}
  m_PrefabAsset: {fileID: 0}
  serializedVersion: 6
  m_Component:
  - component: {fileID: 3829299862675356235}
  m_Layer: 13
  m_Name: Rectangle001
  m_TagString: Untagged
  m_Icon: {fileID: 0}
  m_NavMeshLayer: 0
  m_StaticEditorFlags: 0
  m_IsActive: 1
--- !u!4 &3829299862675356235
Transform:
  m_ObjectHideFlags: 0
  m_CorrespondingSourceObject: {fileID: 0}
  m_PrefabInstance: {fileID: 0}
  m_PrefabAsset: {fileID: 0}
  m_GameObject: {fileID: 3829299862674925163}
  m_LocalRotation: {x: -0.7071068, y: 0, z: -0, w: 0.7071068}
  m_LocalPosition: {x: -0, y: 0, z: 0}
  m_LocalScale: {x: 1, y: 1, z: 1}
  m_Children:
  - {fileID: 3829299862675356217}
  m_Father: {fileID: 3829299862675356215}
  m_RootOrder: 14
  m_LocalEulerAnglesHint: {x: -90, y: 0, z: 0}
--- !u!1 &3829299862674925165
GameObject:
  m_ObjectHideFlags: 0
  m_CorrespondingSourceObject: {fileID: 0}
  m_PrefabInstance: {fileID: 0}
  m_PrefabAsset: {fileID: 0}
  serializedVersion: 6
  m_Component:
  - component: {fileID: 3829299862675356237}
  m_Layer: 13
  m_Name: Top_0
  m_TagString: Untagged
  m_Icon: {fileID: 0}
  m_NavMeshLayer: 0
  m_StaticEditorFlags: 0
  m_IsActive: 1
--- !u!4 &3829299862675356237
Transform:
  m_ObjectHideFlags: 0
  m_CorrespondingSourceObject: {fileID: 0}
  m_PrefabInstance: {fileID: 0}
  m_PrefabAsset: {fileID: 0}
  m_GameObject: {fileID: 3829299862674925165}
  m_LocalRotation: {x: -0.000000043651355, y: 0.000000043771344, z: -0.0013724999,
    w: 0.99999905}
  m_LocalPosition: {x: -0.09878925, y: 0.000000008940696, z: 3.375078e-16}
  m_LocalScale: {x: 1, y: 1, z: 1}
  m_Children:
  - {fileID: 3829299862675356221}
  m_Father: {fileID: 3829299862675356239}
  m_RootOrder: 14
  m_LocalEulerAnglesHint: {x: -0.0000049951873, y: 0.0000050226868, z: -0.15727694}
--- !u!1 &3829299862674925167
GameObject:
  m_ObjectHideFlags: 0
  m_CorrespondingSourceObject: {fileID: 0}
  m_PrefabInstance: {fileID: 0}
  m_PrefabAsset: {fileID: 0}
  serializedVersion: 6
  m_Component:
  - component: {fileID: 3829299862675356239}
  - component: {fileID: 4136147047193588311}
  - component: {fileID: 9017828782905182742}
  m_Layer: 13
  m_Name: Root
  m_TagString: Untagged
  m_Icon: {fileID: 0}
  m_NavMeshLayer: 0
  m_StaticEditorFlags: 0
  m_IsActive: 1
--- !u!4 &3829299862675356239
Transform:
  m_ObjectHideFlags: 0
  m_CorrespondingSourceObject: {fileID: 0}
  m_PrefabInstance: {fileID: 0}
  m_PrefabAsset: {fileID: 0}
  m_GameObject: {fileID: 3829299862674925167}
  m_LocalRotation: {x: -0.49999994, y: 0.49999994, z: -0.50000006, w: 0.50000006}
  m_LocalPosition: {x: -3.7371908e-11, y: 0.5427725, z: -0.0008549459}
  m_LocalScale: {x: 1, y: 1, z: 1}
  m_Children:
  - {fileID: 500518309125608658}
  - {fileID: 2469516554790257497}
  - {fileID: 3829299862675356171}
  - {fileID: 3829299862675356169}
  - {fileID: 3829299862675356175}
  - {fileID: 3829299862675356173}
  - {fileID: 3829299862675356163}
  - {fileID: 3829299862675356161}
  - {fileID: 3829299862675356167}
  - {fileID: 3829299862675356165}
  - {fileID: 3829299862675356187}
  - {fileID: 3829299862675356185}
  - {fileID: 3829299862675356191}
  - {fileID: 3829299862675356189}
  - {fileID: 3829299862675356237}
  m_Father: {fileID: 3829299862675356215}
  m_RootOrder: 0
  m_LocalEulerAnglesHint: {x: 0, y: 89.999985, z: -90}
--- !u!65 &4136147047193588311
BoxCollider:
  m_ObjectHideFlags: 0
  m_CorrespondingSourceObject: {fileID: 0}
  m_PrefabInstance: {fileID: 0}
  m_PrefabAsset: {fileID: 0}
  m_GameObject: {fileID: 3829299862674925167}
  m_Material: {fileID: 0}
  m_IsTrigger: 1
  m_Enabled: 1
  serializedVersion: 2
  m_Size: {x: 0.2, y: 0.2, z: 0.2}
  m_Center: {x: 0.51, y: -0.06, z: 0}
--- !u!114 &9017828782905182742
MonoBehaviour:
  m_ObjectHideFlags: 0
  m_CorrespondingSourceObject: {fileID: 0}
  m_PrefabInstance: {fileID: 0}
  m_PrefabAsset: {fileID: 0}
  m_GameObject: {fileID: 3829299862674925167}
  m_Enabled: 1
  m_EditorHideFlags: 0
  m_Script: {fileID: 11500000, guid: 58918606b2f094545974f4d450f1a2de, type: 3}
  m_Name: 
  m_EditorClassIdentifier: 
  InGround: 0
--- !u!1 &3829299862674925169
GameObject:
  m_ObjectHideFlags: 0
  m_CorrespondingSourceObject: {fileID: 0}
  m_PrefabInstance: {fileID: 0}
  m_PrefabAsset: {fileID: 0}
  serializedVersion: 6
  m_Component:
  - component: {fileID: 3829299862675356241}
  m_Layer: 13
  m_Name: Top_7
  m_TagString: Untagged
  m_Icon: {fileID: 0}
  m_NavMeshLayer: 0
  m_StaticEditorFlags: 0
  m_IsActive: 1
--- !u!4 &3829299862675356241
Transform:
  m_ObjectHideFlags: 0
  m_CorrespondingSourceObject: {fileID: 0}
  m_PrefabInstance: {fileID: 0}
  m_PrefabAsset: {fileID: 0}
  m_GameObject: {fileID: 3829299862674925169}
  m_LocalRotation: {x: 0.00000003552415, y: -0.0383228, z: -0.000000007236491, w: 0.99926543}
  m_LocalPosition: {x: -0.40025276, y: -0.00000003106892, z: -0.000000038146972}
  m_LocalScale: {x: 0.99999994, y: 1, z: 1}
  m_Children: []
  m_Father: {fileID: 3829299862675356185}
  m_RootOrder: 0
  m_LocalEulerAnglesHint: {x: 0.0000040359987, y: -4.3925443, z: -0.0000009846348}
--- !u!1 &3829299862674925171
GameObject:
  m_ObjectHideFlags: 0
  m_CorrespondingSourceObject: {fileID: 0}
  m_PrefabInstance: {fileID: 0}
  m_PrefabAsset: {fileID: 0}
  serializedVersion: 6
  m_Component:
  - component: {fileID: 3829299862675356243}
  m_Layer: 13
  m_Name: Top_6
  m_TagString: Untagged
  m_Icon: {fileID: 0}
  m_NavMeshLayer: 0
  m_StaticEditorFlags: 0
  m_IsActive: 1
--- !u!4 &3829299862675356243
Transform:
  m_ObjectHideFlags: 0
  m_CorrespondingSourceObject: {fileID: 0}
  m_PrefabInstance: {fileID: 0}
  m_PrefabAsset: {fileID: 0}
  m_GameObject: {fileID: 3829299862674925171}
  m_LocalRotation: {x: -8.2430485e-10, y: -0.03826962, z: 1.5046334e-10, w: 0.99926746}
  m_LocalPosition: {x: -0.40088114, y: 0.000000072866676, z: -0.000000038146972}
  m_LocalScale: {x: 1, y: 1, z: 0.99999994}
  m_Children: []
  m_Father: {fileID: 3829299862675356191}
  m_RootOrder: 0
  m_LocalEulerAnglesHint: {x: -0.00000009372934, y: -4.3864465, z: 0.000000020844084}
--- !u!1 &3829299862674925173
GameObject:
  m_ObjectHideFlags: 0
  m_CorrespondingSourceObject: {fileID: 0}
  m_PrefabInstance: {fileID: 0}
  m_PrefabAsset: {fileID: 0}
  serializedVersion: 6
  m_Component:
  - component: {fileID: 3829299862675356245}
  m_Layer: 13
  m_Name: Top_9
  m_TagString: Untagged
  m_Icon: {fileID: 0}
  m_NavMeshLayer: 0
  m_StaticEditorFlags: 0
  m_IsActive: 1
--- !u!4 &3829299862675356245
Transform:
  m_ObjectHideFlags: 0
  m_CorrespondingSourceObject: {fileID: 0}
  m_PrefabInstance: {fileID: 0}
  m_PrefabAsset: {fileID: 0}
  m_GameObject: {fileID: 3829299862674925173}
  m_LocalRotation: {x: -0.0000000012528917, y: -0.000000032746957, z: -0.038231816,
    w: 0.9992689}
  m_LocalPosition: {x: -0.4003626, y: 0.00000015258789, z: 9.3132255e-12}
  m_LocalScale: {x: 1, y: 1, z: 0.9999998}
  m_Children: []
  m_Father: {fileID: 3829299862675356169}
  m_RootOrder: 0
  m_LocalEulerAnglesHint: {x: -0.00000028693165, y: -0.0000037442921, z: -4.382111}
--- !u!1 &3829299862674925175
GameObject:
  m_ObjectHideFlags: 0
  m_CorrespondingSourceObject: {fileID: 0}
  m_PrefabInstance: {fileID: 0}
  m_PrefabAsset: {fileID: 0}
  serializedVersion: 6
  m_Component:
  - component: {fileID: 3829299862675356247}
  m_Layer: 13
  m_Name: Top_8
  m_TagString: Untagged
  m_Icon: {fileID: 0}
  m_NavMeshLayer: 0
  m_StaticEditorFlags: 0
  m_IsActive: 1
--- !u!4 &3829299862675356247
Transform:
  m_ObjectHideFlags: 0
  m_CorrespondingSourceObject: {fileID: 0}
  m_PrefabInstance: {fileID: 0}
  m_PrefabAsset: {fileID: 0}
  m_GameObject: {fileID: 3829299862674925175}
  m_LocalRotation: {x: -0.000000001487023, y: -0.038484905, z: 4.8135057e-10, w: 0.9992592}
  m_LocalPosition: {x: -0.3972586, y: -0.00000006001442, z: 0.000000076293944}
  m_LocalScale: {x: 1, y: 1, z: 1.0000001}
  m_Children: []
  m_Father: {fileID: 3829299862675356187}
  m_RootOrder: 0
  m_LocalEulerAnglesHint: {x: -0.00000016815125, y: -4.4111347, z: 0.000000061675685}
--- !u!1 &3829299862674925177
GameObject:
  m_ObjectHideFlags: 0
  m_CorrespondingSourceObject: {fileID: 0}
  m_PrefabInstance: {fileID: 0}
  m_PrefabAsset: {fileID: 0}
  serializedVersion: 6
  m_Component:
  - component: {fileID: 3829299862675356249}
  m_Layer: 13
  m_Name: Top_3
  m_TagString: Untagged
  m_Icon: {fileID: 0}
  m_NavMeshLayer: 0
  m_StaticEditorFlags: 0
  m_IsActive: 1
--- !u!4 &3829299862675356249
Transform:
  m_ObjectHideFlags: 0
  m_CorrespondingSourceObject: {fileID: 0}
  m_PrefabInstance: {fileID: 0}
  m_PrefabAsset: {fileID: 0}
  m_GameObject: {fileID: 3829299862674925177}
  m_LocalRotation: {x: 0.00000024740422, y: -0.03838834, z: 0.0000002475164, w: 0.9992629}
  m_LocalPosition: {x: -0.39939588, y: -0.000000073760745, z: 0.00000015258789}
  m_LocalScale: {x: 1, y: 1, z: 1}
  m_Children: []
  m_Father: {fileID: 3829299862675356189}
  m_RootOrder: 0
  m_LocalEulerAnglesHint: {x: 0.000029418357, y: -4.400061, z: 0.000027254056}
--- !u!1 &3829299862674925179
GameObject:
  m_ObjectHideFlags: 0
  m_CorrespondingSourceObject: {fileID: 0}
  m_PrefabInstance: {fileID: 0}
  m_PrefabAsset: {fileID: 0}
  serializedVersion: 6
  m_Component:
  - component: {fileID: 3829299862675356251}
  m_Layer: 13
  m_Name: Top_2
  m_TagString: Untagged
  m_Icon: {fileID: 0}
  m_NavMeshLayer: 0
  m_StaticEditorFlags: 0
  m_IsActive: 1
--- !u!4 &3829299862675356251
Transform:
  m_ObjectHideFlags: 0
  m_CorrespondingSourceObject: {fileID: 0}
  m_PrefabInstance: {fileID: 0}
  m_PrefabAsset: {fileID: 0}
  m_GameObject: {fileID: 3829299862674925179}
  m_LocalRotation: {x: 0.00000015344216, y: -0.015486461, z: 0.03491103, w: 0.99927044}
  m_LocalPosition: {x: -0.4016325, y: 0.000000038146972, z: 0.000000095367426}
  m_LocalScale: {x: 1, y: 1, z: 1}
  m_Children: []
  m_Father: {fileID: 3829299862675356171}
  m_RootOrder: 0
  m_LocalEulerAnglesHint: {x: 0.06197131, y: -1.7736065, z: 4.000843}
--- !u!1 &3829299862674925181
GameObject:
  m_ObjectHideFlags: 0
  m_CorrespondingSourceObject: {fileID: 0}
  m_PrefabInstance: {fileID: 0}
  m_PrefabAsset: {fileID: 0}
  serializedVersion: 6
  m_Component:
  - component: {fileID: 3829299862675356253}
  m_Layer: 13
  m_Name: Top_5
  m_TagString: Untagged
  m_Icon: {fileID: 0}
  m_NavMeshLayer: 0
  m_StaticEditorFlags: 0
  m_IsActive: 1
--- !u!4 &3829299862675356253
Transform:
  m_ObjectHideFlags: 0
  m_CorrespondingSourceObject: {fileID: 0}
  m_PrefabInstance: {fileID: 0}
  m_PrefabAsset: {fileID: 0}
  m_GameObject: {fileID: 3829299862674925181}
  m_LocalRotation: {x: 0.00000022243923, y: 0.00601214, z: 0.037549656, w: 0.9992767}
  m_LocalPosition: {x: -0.402068, y: -0.000000038146972, z: -0.000000047683713}
  m_LocalScale: {x: 0.9999998, y: 1.0000001, z: 1}
  m_Children: []
  m_Father: {fileID: 3829299862675356161}
  m_RootOrder: 0
  m_LocalEulerAnglesHint: {x: -0.025844008, y: 0.68845963, z: 4.3038073}
--- !u!1 &3829299862674925183
GameObject:
  m_ObjectHideFlags: 0
  m_CorrespondingSourceObject: {fileID: 0}
  m_PrefabInstance: {fileID: 0}
  m_PrefabAsset: {fileID: 0}
  serializedVersion: 6
  m_Component:
  - component: {fileID: 3829299862675356255}
  m_Layer: 13
  m_Name: Top_4
  m_TagString: Untagged
  m_Icon: {fileID: 0}
  m_NavMeshLayer: 0
  m_StaticEditorFlags: 0
  m_IsActive: 1
--- !u!4 &3829299862675356255
Transform:
  m_ObjectHideFlags: 0
  m_CorrespondingSourceObject: {fileID: 0}
  m_PrefabInstance: {fileID: 0}
  m_PrefabAsset: {fileID: 0}
  m_GameObject: {fileID: 3829299862674925183}
  m_LocalRotation: {x: 0.00000005676459, y: 0.009512569, z: 0.03689459, w: 0.9992739}
  m_LocalPosition: {x: -0.40299162, y: -0.000000076293944, z: 0.000000095367426}
  m_LocalScale: {x: 0.9999999, y: 1.0000002, z: 1}
  m_Children: []
  m_Father: {fileID: 3829299862675356173}
  m_RootOrder: 0
  m_LocalEulerAnglesHint: {x: -0.04021082, y: 1.0893346, z: 4.228577}
--- !u!1 &6316140120362802269
GameObject:
  m_ObjectHideFlags: 0
  m_CorrespondingSourceObject: {fileID: 0}
  m_PrefabInstance: {fileID: 0}
  m_PrefabAsset: {fileID: 0}
  serializedVersion: 6
  m_Component:
  - component: {fileID: 500518309125608658}
  m_Layer: 13
  m_Name: PosBullet
  m_TagString: Untagged
  m_Icon: {fileID: 0}
  m_NavMeshLayer: 0
  m_StaticEditorFlags: 0
  m_IsActive: 1
--- !u!4 &500518309125608658
Transform:
  m_ObjectHideFlags: 0
  m_CorrespondingSourceObject: {fileID: 0}
  m_PrefabInstance: {fileID: 0}
  m_PrefabAsset: {fileID: 0}
  m_GameObject: {fileID: 6316140120362802269}
  m_LocalRotation: {x: 0, y: 0, z: 0, w: 1}
  m_LocalPosition: {x: 0, y: 0, z: 0}
  m_LocalScale: {x: 1, y: 1, z: 1}
  m_Children: []
  m_Father: {fileID: 3829299862675356239}
  m_RootOrder: 0
  m_LocalEulerAnglesHint: {x: 0, y: 0, z: 0}
--- !u!1 &8477985583685633462
GameObject:
  m_ObjectHideFlags: 0
  m_CorrespondingSourceObject: {fileID: 0}
  m_PrefabInstance: {fileID: 0}
  m_PrefabAsset: {fileID: 0}
  serializedVersion: 6
  m_Component:
  - component: {fileID: 7022923020040161863}
  - component: {fileID: 6760785296547632849}
  m_Layer: 13
  m_Name: Shadow
  m_TagString: Untagged
  m_Icon: {fileID: 0}
  m_NavMeshLayer: 0
  m_StaticEditorFlags: 0
  m_IsActive: 0
--- !u!4 &7022923020040161863
Transform:
  m_ObjectHideFlags: 0
  m_CorrespondingSourceObject: {fileID: 0}
  m_PrefabInstance: {fileID: 0}
  m_PrefabAsset: {fileID: 0}
  m_GameObject: {fileID: 8477985583685633462}
  m_LocalRotation: {x: -0, y: -0, z: -0, w: 1}
  m_LocalPosition: {x: 5.4378796, y: -2.5431561, z: -17.893948}
  m_LocalScale: {x: 1.5, y: 1.5, z: 1.5}
  m_Children: []
  m_Father: {fileID: 3829299862675356215}
  m_RootOrder: 16
  m_LocalEulerAnglesHint: {x: 0, y: 0, z: 0}
--- !u!137 &6760785296547632849
SkinnedMeshRenderer:
  m_ObjectHideFlags: 0
  m_CorrespondingSourceObject: {fileID: 0}
  m_PrefabInstance: {fileID: 0}
  m_PrefabAsset: {fileID: 0}
  m_GameObject: {fileID: 8477985583685633462}
  m_Enabled: 1
  m_CastShadows: 1
  m_ReceiveShadows: 1
  m_DynamicOccludee: 1
  m_MotionVectors: 1
  m_LightProbeUsage: 1
  m_ReflectionProbeUsage: 1
  m_RenderingLayerMask: 1
  m_RendererPriority: 0
  m_Materials:
  - {fileID: 2100000, guid: 3c9ca92aed469594fb2737395386c9f8, type: 2}
  m_StaticBatchInfo:
    firstSubMesh: 0
    subMeshCount: 0
  m_StaticBatchRoot: {fileID: 0}
  m_ProbeAnchor: {fileID: 0}
  m_LightProbeVolumeOverride: {fileID: 0}
  m_ScaleInLightmap: 1
  m_PreserveUVs: 0
  m_IgnoreNormalsForChartDetection: 0
  m_ImportantGI: 0
  m_StitchLightmapSeams: 0
  m_SelectedEditorRenderState: 3
  m_MinimumChartSize: 4
  m_AutoUVMaxDistance: 0.5
  m_AutoUVMaxAngle: 89
  m_LightmapParameters: {fileID: 0}
  m_SortingLayerID: 0
  m_SortingLayer: 0
  m_SortingOrder: 0
  serializedVersion: 2
  m_Quality: 0
  m_UpdateWhenOffscreen: 0
  m_SkinnedMotionVectors: 1
  m_Mesh: {fileID: 4300000, guid: c8cc93dc5f2ad77478f1ef7f8d0b6945, type: 3}
  m_Bones:
  - {fileID: 0}
  - {fileID: 0}
  - {fileID: 0}
  - {fileID: 0}
  - {fileID: 0}
  - {fileID: 0}
  - {fileID: 0}
  m_BlendShapeWeights: []
  m_RootBone: {fileID: 0}
  m_AABB:
    m_Center: {x: -0.57257473, y: -0.011410683, z: 0.00340873}
    m_Extent: {x: 0.6070739, y: 0.70097494, z: 0.7321695}
  m_DirtyAABB: 0
--- !u!1 &8544754878284854577
GameObject:
  m_ObjectHideFlags: 0
  m_CorrespondingSourceObject: {fileID: 0}
  m_PrefabInstance: {fileID: 0}
  m_PrefabAsset: {fileID: 0}
  serializedVersion: 6
  m_Component:
  - component: {fileID: 794502638865257922}
  m_Layer: 0
  m_Name: PosCreateBullet
  m_TagString: Untagged
  m_Icon: {fileID: 7148428337604731935, guid: 0000000000000000d000000000000000, type: 0}
  m_NavMeshLayer: 0
  m_StaticEditorFlags: 0
  m_IsActive: 1
--- !u!4 &794502638865257922
Transform:
  m_ObjectHideFlags: 0
  m_CorrespondingSourceObject: {fileID: 0}
  m_PrefabInstance: {fileID: 0}
  m_PrefabAsset: {fileID: 0}
  m_GameObject: {fileID: 8544754878284854577}
  m_LocalRotation: {x: -0, y: -0, z: -0, w: 1}
  m_LocalPosition: {x: 0, y: 0.4, z: 0.3}
  m_LocalScale: {x: 0.5, y: 0.5, z: 0.5}
  m_Children: []
  m_Father: {fileID: 3829299862675356215}
  m_RootOrder: 17
  m_LocalEulerAnglesHint: {x: 0, y: 0, z: 0}
--- !u!1001 &426383283727386335
PrefabInstance:
  m_ObjectHideFlags: 0
  serializedVersion: 2
  m_Modification:
    m_TransformParent: {fileID: 3829299862675356239}
    m_Modifications:
    - target: {fileID: 2859694978836465034, guid: 7e65c06b1b4735f4585e7fb69f1bc0a6,
        type: 3}
      propertyPath: m_Name
      value: HealtBar
      objectReference: {fileID: 0}
    - target: {fileID: 2859694978836465030, guid: 7e65c06b1b4735f4585e7fb69f1bc0a6,
        type: 3}
      propertyPath: m_LocalPosition.x
      value: 0
      objectReference: {fileID: 0}
    - target: {fileID: 2859694978836465030, guid: 7e65c06b1b4735f4585e7fb69f1bc0a6,
        type: 3}
      propertyPath: m_LocalPosition.y
      value: 0
      objectReference: {fileID: 0}
    - target: {fileID: 2859694978836465030, guid: 7e65c06b1b4735f4585e7fb69f1bc0a6,
        type: 3}
      propertyPath: m_LocalPosition.z
      value: 0
      objectReference: {fileID: 0}
    - target: {fileID: 2859694978836465030, guid: 7e65c06b1b4735f4585e7fb69f1bc0a6,
        type: 3}
      propertyPath: m_LocalRotation.x
      value: 0.270598
      objectReference: {fileID: 0}
    - target: {fileID: 2859694978836465030, guid: 7e65c06b1b4735f4585e7fb69f1bc0a6,
        type: 3}
      propertyPath: m_LocalRotation.y
      value: -0.65328145
      objectReference: {fileID: 0}
    - target: {fileID: 2859694978836465030, guid: 7e65c06b1b4735f4585e7fb69f1bc0a6,
        type: 3}
      propertyPath: m_LocalRotation.z
      value: 0.27059817
      objectReference: {fileID: 0}
    - target: {fileID: 2859694978836465030, guid: 7e65c06b1b4735f4585e7fb69f1bc0a6,
        type: 3}
      propertyPath: m_LocalRotation.w
      value: 0.6532815
      objectReference: {fileID: 0}
    - target: {fileID: 2859694978836465030, guid: 7e65c06b1b4735f4585e7fb69f1bc0a6,
        type: 3}
      propertyPath: m_RootOrder
      value: 1
      objectReference: {fileID: 0}
    - target: {fileID: 2859694978836465030, guid: 7e65c06b1b4735f4585e7fb69f1bc0a6,
        type: 3}
      propertyPath: m_LocalEulerAnglesHint.x
      value: -45.000004
      objectReference: {fileID: 0}
    - target: {fileID: 2859694978836465030, guid: 7e65c06b1b4735f4585e7fb69f1bc0a6,
        type: 3}
      propertyPath: m_LocalEulerAnglesHint.y
      value: 0
      objectReference: {fileID: 0}
    - target: {fileID: 2859694978836465030, guid: 7e65c06b1b4735f4585e7fb69f1bc0a6,
        type: 3}
      propertyPath: m_LocalEulerAnglesHint.z
      value: 0
      objectReference: {fileID: 0}
    - target: {fileID: 2859694978836465030, guid: 7e65c06b1b4735f4585e7fb69f1bc0a6,
        type: 3}
      propertyPath: m_AnchoredPosition.x
      value: -0.52000004
      objectReference: {fileID: 0}
    - target: {fileID: 2859694978836465030, guid: 7e65c06b1b4735f4585e7fb69f1bc0a6,
        type: 3}
      propertyPath: m_AnchoredPosition.y
      value: 0
      objectReference: {fileID: 0}
    - target: {fileID: 2859694978836465030, guid: 7e65c06b1b4735f4585e7fb69f1bc0a6,
        type: 3}
      propertyPath: m_SizeDelta.x
      value: 2.5
      objectReference: {fileID: 0}
    - target: {fileID: 2859694978836465030, guid: 7e65c06b1b4735f4585e7fb69f1bc0a6,
        type: 3}
      propertyPath: m_SizeDelta.y
      value: 2.5
      objectReference: {fileID: 0}
    - target: {fileID: 2859694978836465030, guid: 7e65c06b1b4735f4585e7fb69f1bc0a6,
        type: 3}
      propertyPath: m_AnchorMin.x
      value: 0
      objectReference: {fileID: 0}
    - target: {fileID: 2859694978836465030, guid: 7e65c06b1b4735f4585e7fb69f1bc0a6,
        type: 3}
      propertyPath: m_AnchorMin.y
      value: 0
      objectReference: {fileID: 0}
    - target: {fileID: 2859694978836465030, guid: 7e65c06b1b4735f4585e7fb69f1bc0a6,
        type: 3}
      propertyPath: m_AnchorMax.x
      value: 0
      objectReference: {fileID: 0}
    - target: {fileID: 2859694978836465030, guid: 7e65c06b1b4735f4585e7fb69f1bc0a6,
        type: 3}
      propertyPath: m_AnchorMax.y
      value: 0
      objectReference: {fileID: 0}
    - target: {fileID: 2859694978836465030, guid: 7e65c06b1b4735f4585e7fb69f1bc0a6,
        type: 3}
      propertyPath: m_Pivot.x
      value: 0.5
      objectReference: {fileID: 0}
    - target: {fileID: 2859694978836465030, guid: 7e65c06b1b4735f4585e7fb69f1bc0a6,
        type: 3}
      propertyPath: m_Pivot.y
      value: 0.5
      objectReference: {fileID: 0}
    - target: {fileID: 2859694978836465030, guid: 7e65c06b1b4735f4585e7fb69f1bc0a6,
        type: 3}
      propertyPath: m_LocalScale.y
      value: 0.20000002
      objectReference: {fileID: 0}
    m_RemovedComponents: []
  m_SourcePrefab: {fileID: 100100000, guid: 7e65c06b1b4735f4585e7fb69f1bc0a6, type: 3}
--- !u!114 &244855083231922627 stripped
MonoBehaviour:
  m_CorrespondingSourceObject: {fileID: 472657168512880412, guid: 7e65c06b1b4735f4585e7fb69f1bc0a6,
    type: 3}
  m_PrefabInstance: {fileID: 426383283727386335}
  m_PrefabAsset: {fileID: 0}
  m_GameObject: {fileID: 0}
  m_Enabled: 1
  m_EditorHideFlags: 0
  m_Script: {fileID: -765806418, guid: f70555f144d8491a825f0804e09c671c, type: 3}
  m_Name: 
  m_EditorClassIdentifier: 
--- !u!1 &2469516554790257493 stripped
GameObject:
  m_CorrespondingSourceObject: {fileID: 2859694978836465034, guid: 7e65c06b1b4735f4585e7fb69f1bc0a6,
    type: 3}
  m_PrefabInstance: {fileID: 426383283727386335}
  m_PrefabAsset: {fileID: 0}
--- !u!224 &2469516554790257497 stripped
RectTransform:
  m_CorrespondingSourceObject: {fileID: 2859694978836465030, guid: 7e65c06b1b4735f4585e7fb69f1bc0a6,
    type: 3}
  m_PrefabInstance: {fileID: 426383283727386335}
  m_PrefabAsset: {fileID: 0}
