%YAML 1.1
%TAG !u! tag:unity3d.com,2011:
--- !u!1 &2357398254181412412
GameObject:
  m_ObjectHideFlags: 0
  m_CorrespondingSourceObject: {fileID: 0}
  m_PrefabInstance: {fileID: 0}
  m_PrefabAsset: {fileID: 0}
  serializedVersion: 6
  m_Component:
  - component: {fileID: 8047425856801209947}
  - component: {fileID: 7425017793069780612}
  - component: {fileID: 8667316222830200922}
  m_Layer: 17
  m_Name: ATK
  m_TagString: Untagged
  m_Icon: {fileID: 0}
  m_NavMeshLayer: 0
  m_StaticEditorFlags: 0
  m_IsActive: 1
--- !u!4 &8047425856801209947
Transform:
  m_ObjectHideFlags: 0
  m_CorrespondingSourceObject: {fileID: 0}
  m_PrefabInstance: {fileID: 0}
  m_PrefabAsset: {fileID: 0}
  m_GameObject: {fileID: 2357398254181412412}
  m_LocalRotation: {x: -0, y: -0, z: -0, w: 1}
  m_LocalPosition: {x: 0, y: 0.5, z: 1.5}
  m_LocalScale: {x: 1, y: 1, z: 1}
  m_Children: []
  m_Father: {fileID: 7880738727071930818}
  m_RootOrder: 4
  m_LocalEulerAnglesHint: {x: 0, y: 0, z: 0}
--- !u!114 &7425017793069780612
MonoBehaviour:
  m_ObjectHideFlags: 0
  m_CorrespondingSourceObject: {fileID: 0}
  m_PrefabInstance: {fileID: 0}
  m_PrefabAsset: {fileID: 0}
  m_GameObject: {fileID: 2357398254181412412}
  m_Enabled: 1
  m_EditorHideFlags: 0
  m_Script: {fileID: 11500000, guid: d900c85e50d84cb4c8e4b915dc00ec3a, type: 3}
  m_Name: 
  m_EditorClassIdentifier: 
  myChimCanhCut: {fileID: 0}
  myNamLun: {fileID: 5989200783604254412}
--- !u!65 &8667316222830200922
BoxCollider:
  m_ObjectHideFlags: 0
  m_CorrespondingSourceObject: {fileID: 0}
  m_PrefabInstance: {fileID: 0}
  m_PrefabAsset: {fileID: 0}
  m_GameObject: {fileID: 2357398254181412412}
  m_Material: {fileID: 0}
  m_IsTrigger: 1
  m_Enabled: 1
  serializedVersion: 2
  m_Size: {x: 0.5, y: 0.5, z: 2}
  m_Center: {x: 0, y: 0, z: 0}
--- !u!1 &7185930181237420645
GameObject:
  m_ObjectHideFlags: 0
  m_CorrespondingSourceObject: {fileID: 0}
  m_PrefabInstance: {fileID: 0}
  m_PrefabAsset: {fileID: 0}
  serializedVersion: 6
  m_Component:
  - component: {fileID: 8280444868519140227}
  - component: {fileID: 6176444181901658763}
  m_Layer: 13
  m_Name: Shadownamlun
  m_TagString: Untagged
  m_Icon: {fileID: 0}
  m_NavMeshLayer: 0
  m_StaticEditorFlags: 0
  m_IsActive: 0
--- !u!4 &8280444868519140227
Transform:
  m_ObjectHideFlags: 0
  m_CorrespondingSourceObject: {fileID: 0}
  m_PrefabInstance: {fileID: 0}
  m_PrefabAsset: {fileID: 0}
  m_GameObject: {fileID: 7185930181237420645}
  m_LocalRotation: {x: -0.7071068, y: 0, z: -0, w: 0.7071068}
  m_LocalPosition: {x: 0, y: 0, z: 0}
  m_LocalScale: {x: 1, y: 1, z: 1}
  m_Children: []
  m_Father: {fileID: 7880738727071930818}
  m_RootOrder: 2
  m_LocalEulerAnglesHint: {x: 0, y: 0, z: 0}
--- !u!137 &6176444181901658763
SkinnedMeshRenderer:
  m_ObjectHideFlags: 0
  m_CorrespondingSourceObject: {fileID: 0}
  m_PrefabInstance: {fileID: 0}
  m_PrefabAsset: {fileID: 0}
  m_GameObject: {fileID: 7185930181237420645}
  m_Enabled: 1
  m_CastShadows: 1
  m_ReceiveShadows: 1
  m_DynamicOccludee: 1
  m_MotionVectors: 1
  m_LightProbeUsage: 1
  m_ReflectionProbeUsage: 1
  m_RenderingLayerMask: 1
  m_RendererPriority: 0
  m_Materials:
  - {fileID: 2100000, guid: 9e99c2c1af312404dbd65eb3e4100b05, type: 2}
  m_StaticBatchInfo:
    firstSubMesh: 0
    subMeshCount: 0
  m_StaticBatchRoot: {fileID: 0}
  m_ProbeAnchor: {fileID: 0}
  m_LightProbeVolumeOverride: {fileID: 0}
  m_ScaleInLightmap: 1
  m_PreserveUVs: 0
  m_IgnoreNormalsForChartDetection: 0
  m_ImportantGI: 0
  m_StitchLightmapSeams: 0
  m_SelectedEditorRenderState: 3
  m_MinimumChartSize: 4
  m_AutoUVMaxDistance: 0.5
  m_AutoUVMaxAngle: 89
  m_LightmapParameters: {fileID: 0}
  m_SortingLayerID: 0
  m_SortingLayer: 0
  m_SortingOrder: 0
  serializedVersion: 2
  m_Quality: 0
  m_UpdateWhenOffscreen: 0
  m_SkinnedMotionVectors: 1
  m_Mesh: {fileID: 4300000, guid: 62725c5f4d362ad42b5775384e92de62, type: 3}
  m_Bones:
  - {fileID: 7880738727071930828}
  - {fileID: 7880738727071930824}
  - {fileID: 7880738727071930844}
  - {fileID: 7880738727071930842}
  - {fileID: 7880738727071930832}
  - {fileID: 7880738727071930846}
  - {fileID: 7880738727071930840}
  - {fileID: 7880738727071930838}
  - {fileID: 7880738727071930830}
  - {fileID: 7880738727071930834}
  - {fileID: 7880738727071930826}
  m_BlendShapeWeights: []
  m_RootBone: {fileID: 7880738727071930846}
  m_AABB:
    m_Center: {x: -0.452201, y: -0.02870655, z: 0.00021338463}
    m_Extent: {x: 0.5304117, y: 0.48769426, z: 0.5223824}
  m_DirtyAABB: 0
--- !u!1 &7880738727072286176
GameObject:
  m_ObjectHideFlags: 0
  m_CorrespondingSourceObject: {fileID: 0}
  m_PrefabInstance: {fileID: 0}
  m_PrefabAsset: {fileID: 0}
  serializedVersion: 6
  m_Component:
  - component: {fileID: 7880738727071930816}
  - component: {fileID: 7880738727060719870}
  m_Layer: 13
  m_Name: namlun
  m_TagString: Untagged
  m_Icon: {fileID: 0}
  m_NavMeshLayer: 0
  m_StaticEditorFlags: 0
  m_IsActive: 1
--- !u!4 &7880738727071930816
Transform:
  m_ObjectHideFlags: 0
  m_CorrespondingSourceObject: {fileID: 0}
  m_PrefabInstance: {fileID: 0}
  m_PrefabAsset: {fileID: 0}
  m_GameObject: {fileID: 7880738727072286176}
  m_LocalRotation: {x: -0.7071068, y: 0, z: -0, w: 0.7071068}
  m_LocalPosition: {x: -0, y: 0, z: 0}
  m_LocalScale: {x: 1, y: 1, z: 1}
  m_Children: []
  m_Father: {fileID: 7880738727071930818}
  m_RootOrder: 1
  m_LocalEulerAnglesHint: {x: 0, y: 0, z: 0}
--- !u!137 &7880738727060719870
SkinnedMeshRenderer:
  m_ObjectHideFlags: 0
  m_CorrespondingSourceObject: {fileID: 0}
  m_PrefabInstance: {fileID: 0}
  m_PrefabAsset: {fileID: 0}
  m_GameObject: {fileID: 7880738727072286176}
  m_Enabled: 1
  m_CastShadows: 1
  m_ReceiveShadows: 1
  m_DynamicOccludee: 1
  m_MotionVectors: 1
  m_LightProbeUsage: 1
  m_ReflectionProbeUsage: 1
  m_RenderingLayerMask: 1
  m_RendererPriority: 0
  m_Materials:
  - {fileID: 2100000, guid: 9e99c2c1af312404dbd65eb3e4100b05, type: 2}
  m_StaticBatchInfo:
    firstSubMesh: 0
    subMeshCount: 0
  m_StaticBatchRoot: {fileID: 0}
  m_ProbeAnchor: {fileID: 0}
  m_LightProbeVolumeOverride: {fileID: 0}
  m_ScaleInLightmap: 1
  m_PreserveUVs: 0
  m_IgnoreNormalsForChartDetection: 0
  m_ImportantGI: 0
  m_StitchLightmapSeams: 0
  m_SelectedEditorRenderState: 3
  m_MinimumChartSize: 4
  m_AutoUVMaxDistance: 0.5
  m_AutoUVMaxAngle: 89
  m_LightmapParameters: {fileID: 0}
  m_SortingLayerID: 0
  m_SortingLayer: 0
  m_SortingOrder: 0
  serializedVersion: 2
  m_Quality: 0
  m_UpdateWhenOffscreen: 0
  m_SkinnedMotionVectors: 1
  m_Mesh: {fileID: 4300000, guid: 62725c5f4d362ad42b5775384e92de62, type: 3}
  m_Bones:
  - {fileID: 7880738727071930828}
  - {fileID: 7880738727071930824}
  - {fileID: 7880738727071930844}
  - {fileID: 7880738727071930842}
  - {fileID: 7880738727071930832}
  - {fileID: 7880738727071930846}
  - {fileID: 7880738727071930840}
  - {fileID: 7880738727071930838}
  - {fileID: 7880738727071930830}
  - {fileID: 7880738727071930834}
  - {fileID: 7880738727071930826}
  m_BlendShapeWeights: []
  m_RootBone: {fileID: 7880738727071930846}
  m_AABB:
    m_Center: {x: -0.452201, y: -0.02870655, z: 0.00021338463}
    m_Extent: {x: 0.5304117, y: 0.48769426, z: 0.5223824}
  m_DirtyAABB: 0
--- !u!1 &7880738727072286178
GameObject:
  m_ObjectHideFlags: 0
  m_CorrespondingSourceObject: {fileID: 0}
  m_PrefabInstance: {fileID: 0}
  m_PrefabAsset: {fileID: 0}
  serializedVersion: 6
  m_Component:
  - component: {fileID: 7880738727071930818}
  - component: {fileID: 7880738727065007678}
  - component: {fileID: 6603928478884123253}
  - component: {fileID: 8124457000090876712}
  - component: {fileID: 1055242972728499647}
  - component: {fileID: 5989200783604254412}
  - component: {fileID: 6148358011177819463}
  - component: {fileID: 7561980228227829556}
  m_Layer: 13
  m_Name: NamLun 1
  m_TagString: Monster
  m_Icon: {fileID: 0}
  m_NavMeshLayer: 0
  m_StaticEditorFlags: 0
  m_IsActive: 1
--- !u!4 &7880738727071930818
Transform:
  m_ObjectHideFlags: 0
  m_CorrespondingSourceObject: {fileID: 0}
  m_PrefabInstance: {fileID: 0}
  m_PrefabAsset: {fileID: 0}
  m_GameObject: {fileID: 7880738727072286178}
  m_LocalRotation: {x: 0, y: 0, z: 0, w: 1}
  m_LocalPosition: {x: 0, y: 0, z: 0}
  m_LocalScale: {x: 1, y: 1, z: 1}
  m_Children:
  - {fileID: 7880738727071930846}
  - {fileID: 7880738727071930816}
  - {fileID: 8280444868519140227}
  - {fileID: 7312277934111928225}
  - {fileID: 8047425856801209947}
  m_Father: {fileID: 0}
  m_RootOrder: 0
  m_LocalEulerAnglesHint: {x: 0, y: 0, z: 0}
--- !u!95 &7880738727065007678
Animator:
  serializedVersion: 3
  m_ObjectHideFlags: 0
  m_CorrespondingSourceObject: {fileID: 0}
  m_PrefabInstance: {fileID: 0}
  m_PrefabAsset: {fileID: 0}
  m_GameObject: {fileID: 7880738727072286178}
  m_Enabled: 1
  m_Avatar: {fileID: 9000000, guid: 62725c5f4d362ad42b5775384e92de62, type: 3}
  m_Controller: {fileID: 9100000, guid: 9dfe9e644f3b89442a43076d16bc5e29, type: 2}
  m_CullingMode: 1
  m_UpdateMode: 0
  m_ApplyRootMotion: 0
  m_LinearVelocityBlending: 0
  m_WarningMessage: 
  m_HasTransformHierarchy: 1
  m_AllowConstantClipSamplingOptimization: 1
  m_KeepAnimatorControllerStateOnDisable: 0
--- !u!136 &6603928478884123253
CapsuleCollider:
  m_ObjectHideFlags: 0
  m_CorrespondingSourceObject: {fileID: 0}
  m_PrefabInstance: {fileID: 0}
  m_PrefabAsset: {fileID: 0}
  m_GameObject: {fileID: 7880738727072286178}
  m_Material: {fileID: 0}
  m_IsTrigger: 1
  m_Enabled: 1
  m_Radius: 0.5
  m_Height: 1
  m_Direction: 1
  m_Center: {x: 0, y: 0.4, z: 0}
--- !u!114 &8124457000090876712
MonoBehaviour:
  m_ObjectHideFlags: 0
  m_CorrespondingSourceObject: {fileID: 0}
  m_PrefabInstance: {fileID: 0}
  m_PrefabAsset: {fileID: 0}
  m_GameObject: {fileID: 7880738727072286178}
  m_Enabled: 1
  m_EditorHideFlags: 0
  m_Script: {fileID: 11500000, guid: 2363d20b66221e340ae66cece8863161, type: 3}
  m_Name: 
  m_EditorClassIdentifier: 
  nameMonster: namlun
  basicCoolDownMax: 0
  basicCoolDownMin: 1
  monsterAsset: {fileID: 0}
  imgHealtBar: {fileID: 7312277933140766296}
  healtBar: {fileID: 7312277934111928237}
  OffSetSelectionTop: {x: 0, y: 3, z: 0}
  OffSetSelectionScaleFoot: {x: 0, y: 0, z: 0}
--- !u!195 &1055242972728499647
NavMeshAgent:
  m_ObjectHideFlags: 0
  m_CorrespondingSourceObject: {fileID: 0}
  m_PrefabInstance: {fileID: 0}
  m_PrefabAsset: {fileID: 0}
  m_GameObject: {fileID: 7880738727072286178}
  m_Enabled: 1
  m_AgentTypeID: 0
  m_Radius: 0.5
  m_Speed: 3.5
  m_Acceleration: 8
  avoidancePriority: 50
  m_AngularSpeed: 120
  m_StoppingDistance: 0
  m_AutoTraverseOffMeshLink: 1
  m_AutoBraking: 1
  m_AutoRepath: 1
  m_Height: 2
  m_BaseOffset: 0
  m_WalkableMask: 4294967295
  m_ObstacleAvoidanceType: 4
--- !u!114 &5989200783604254412
MonoBehaviour:
  m_ObjectHideFlags: 0
  m_CorrespondingSourceObject: {fileID: 0}
  m_PrefabInstance: {fileID: 0}
  m_PrefabAsset: {fileID: 0}
  m_GameObject: {fileID: 7880738727072286178}
  m_Enabled: 1
  m_EditorHideFlags: 0
  m_Script: {fileID: 11500000, guid: 497a40e3d05387b44abe467b1c4e9c73, type: 3}
  m_Name: 
  m_EditorClassIdentifier: 
  isDouble: 1
  listNamLunMini:
  - {fileID: 8558073030834760300, guid: 73f9afbe50864424aadb7c2bbc89d59e, type: 3}
  - {fileID: 8558073030834760300, guid: 73f9afbe50864424aadb7c2bbc89d59e, type: 3}
  posOffset: {x: 0.5, y: 0, z: 0.5}
  hitEff: {fileID: 1279872264075858013, guid: cc373415f7233924bbab8afc53418241, type: 3}
  Mesh: {fileID: 7880738727060719870}
  ShadowMesh: {fileID: 6176444181901658763}
  atkDamage: 0
--- !u!114 &6148358011177819463
MonoBehaviour:
  m_ObjectHideFlags: 0
  m_CorrespondingSourceObject: {fileID: 0}
  m_PrefabInstance: {fileID: 0}
  m_PrefabAsset: {fileID: 0}
  m_GameObject: {fileID: 7880738727072286178}
  m_Enabled: 1
  m_EditorHideFlags: 0
  m_Script: {fileID: 11500000, guid: e4285db280934784795ab128fedf45e8, type: 3}
  m_Name: 
  m_EditorClassIdentifier: 
  Id: 0
  style: 3
  pos: {x: 0, y: 0, z: 0}
--- !u!114 &7561980228227829556
MonoBehaviour:
  m_ObjectHideFlags: 0
  m_CorrespondingSourceObject: {fileID: 0}
  m_PrefabInstance: {fileID: 0}
  m_PrefabAsset: {fileID: 0}
  m_GameObject: {fileID: 7880738727072286178}
  m_Enabled: 1
  m_EditorHideFlags: 0
  m_Script: {fileID: 11500000, guid: a44f4ca7e7b0cbe4bad14f1eee72157d, type: 3}
  m_Name: 
  m_EditorClassIdentifier: 
  GoldPrefab: {fileID: 1594879466734162, guid: c82411508e9628b4e9f629bf2800542f, type: 3}
  ItemDrop: {fileID: 0}
  ContentEff: {fileID: 0}
--- !u!1 &7880738727072286180
GameObject:
  m_ObjectHideFlags: 0
  m_CorrespondingSourceObject: {fileID: 0}
  m_PrefabInstance: {fileID: 0}
  m_PrefabAsset: {fileID: 0}
  serializedVersion: 6
  m_Component:
  - component: {fileID: 7880738727071930820}
  m_Layer: 13
  m_Name: Bone010_top_R
  m_TagString: Untagged
  m_Icon: {fileID: 0}
  m_NavMeshLayer: 0
  m_StaticEditorFlags: 0
  m_IsActive: 1
--- !u!4 &7880738727071930820
Transform:
  m_ObjectHideFlags: 0
  m_CorrespondingSourceObject: {fileID: 0}
  m_PrefabInstance: {fileID: 0}
  m_PrefabAsset: {fileID: 0}
  m_GameObject: {fileID: 7880738727072286180}
  m_LocalRotation: {x: 1.7763568e-15, y: 0, z: -0, w: 1}
  m_LocalPosition: {x: -0.12757424, y: -0.0000005340576, z: -1.4901161e-10}
  m_LocalScale: {x: 1, y: 1, z: 1}
  m_Children: []
  m_Father: {fileID: 7880738727071930826}
  m_RootOrder: 0
  m_LocalEulerAnglesHint: {x: 0, y: 0, z: 0}
--- !u!1 &7880738727072286182
GameObject:
  m_ObjectHideFlags: 0
  m_CorrespondingSourceObject: {fileID: 0}
  m_PrefabInstance: {fileID: 0}
  m_PrefabAsset: {fileID: 0}
  serializedVersion: 6
  m_Component:
  - component: {fileID: 7880738727071930822}
  m_Layer: 13
  m_Name: Bone010_top_L
  m_TagString: Untagged
  m_Icon: {fileID: 0}
  m_NavMeshLayer: 0
  m_StaticEditorFlags: 0
  m_IsActive: 1
--- !u!4 &7880738727071930822
Transform:
  m_ObjectHideFlags: 0
  m_CorrespondingSourceObject: {fileID: 0}
  m_PrefabInstance: {fileID: 0}
  m_PrefabAsset: {fileID: 0}
  m_GameObject: {fileID: 7880738727072286182}
  m_LocalRotation: {x: 1.7351452e-11, y: 2.1785343e-10, z: 0.0000000046566133, w: 1}
  m_LocalPosition: {x: -0.12757407, y: 0.0000005340576, z: -0.000000019073486}
  m_LocalScale: {x: 0.9999999, y: 1, z: 1}
  m_Children: []
  m_Father: {fileID: 7880738727071930824}
  m_RootOrder: 0
  m_LocalEulerAnglesHint: {x: 0, y: 0, z: 0}
--- !u!1 &7880738727072286184
GameObject:
  m_ObjectHideFlags: 0
  m_CorrespondingSourceObject: {fileID: 0}
  m_PrefabInstance: {fileID: 0}
  m_PrefabAsset: {fileID: 0}
  serializedVersion: 6
  m_Component:
  - component: {fileID: 7880738727071930824}
  m_Layer: 13
  m_Name: Bone009(mirrored)
  m_TagString: Untagged
  m_Icon: {fileID: 0}
  m_NavMeshLayer: 0
  m_StaticEditorFlags: 0
  m_IsActive: 1
--- !u!4 &7880738727071930824
Transform:
  m_ObjectHideFlags: 0
  m_CorrespondingSourceObject: {fileID: 0}
  m_PrefabInstance: {fileID: 0}
  m_PrefabAsset: {fileID: 0}
  m_GameObject: {fileID: 7880738727072286184}
  m_LocalRotation: {x: 0.0000000012956861, y: -0.00000011749289, z: 0.011027113, w: 0.9999392}
  m_LocalPosition: {x: -0.109723374, y: 0, z: 0.000000019073486}
  m_LocalScale: {x: 1, y: 1, z: 1}
  m_Children:
  - {fileID: 7880738727071930822}
  m_Father: {fileID: 7880738727071930828}
  m_RootOrder: 0
  m_LocalEulerAnglesHint: {x: 0, y: 0, z: 0}
--- !u!1 &7880738727072286186
GameObject:
  m_ObjectHideFlags: 0
  m_CorrespondingSourceObject: {fileID: 0}
  m_PrefabInstance: {fileID: 0}
  m_PrefabAsset: {fileID: 0}
  serializedVersion: 6
  m_Component:
  - component: {fileID: 7880738727071930826}
  m_Layer: 13
  m_Name: Bone009
  m_TagString: Untagged
  m_Icon: {fileID: 0}
  m_NavMeshLayer: 0
  m_StaticEditorFlags: 0
  m_IsActive: 1
--- !u!4 &7880738727071930826
Transform:
  m_ObjectHideFlags: 0
  m_CorrespondingSourceObject: {fileID: 0}
  m_PrefabInstance: {fileID: 0}
  m_PrefabAsset: {fileID: 0}
  m_GameObject: {fileID: 7880738727072286186}
  m_LocalRotation: {x: 0.0000000024204319, y: -0.0000001862785, z: -0.0110272635,
    w: 0.9999392}
  m_LocalPosition: {x: -0.109723315, y: 0, z: -0.0000000038743018}
  m_LocalScale: {x: 1, y: 0.9999998, z: 0.9999998}
  m_Children:
  - {fileID: 7880738727071930820}
  m_Father: {fileID: 7880738727071930830}
  m_RootOrder: 0
  m_LocalEulerAnglesHint: {x: 0, y: 0, z: 0}
--- !u!1 &7880738727072286188
GameObject:
  m_ObjectHideFlags: 0
  m_CorrespondingSourceObject: {fileID: 0}
  m_PrefabInstance: {fileID: 0}
  m_PrefabAsset: {fileID: 0}
  serializedVersion: 6
  m_Component:
  - component: {fileID: 7880738727071930828}
  m_Layer: 13
  m_Name: Bone008(mirrored)
  m_TagString: Untagged
  m_Icon: {fileID: 0}
  m_NavMeshLayer: 0
  m_StaticEditorFlags: 0
  m_IsActive: 1
--- !u!4 &7880738727071930828
Transform:
  m_ObjectHideFlags: 0
  m_CorrespondingSourceObject: {fileID: 0}
  m_PrefabInstance: {fileID: 0}
  m_PrefabAsset: {fileID: 0}
  m_GameObject: {fileID: 7880738727072286188}
  m_LocalRotation: {x: 0.0000004999596, y: 0.00000019528565, z: -0.0889545, w: 0.9960357}
  m_LocalPosition: {x: -0.29563707, y: 0.00000015258789, z: -0.000000019073486}
  m_LocalScale: {x: 0.9999998, y: 1, z: 1}
  m_Children:
  - {fileID: 7880738727071930824}
  m_Father: {fileID: 7880738727071930832}
  m_RootOrder: 0
  m_LocalEulerAnglesHint: {x: 0, y: 0, z: 0}
--- !u!1 &7880738727072286190
GameObject:
  m_ObjectHideFlags: 0
  m_CorrespondingSourceObject: {fileID: 0}
  m_PrefabInstance: {fileID: 0}
  m_PrefabAsset: {fileID: 0}
  serializedVersion: 6
  m_Component:
  - component: {fileID: 7880738727071930830}
  m_Layer: 13
  m_Name: Bone008
  m_TagString: Untagged
  m_Icon: {fileID: 0}
  m_NavMeshLayer: 0
  m_StaticEditorFlags: 0
  m_IsActive: 1
--- !u!4 &7880738727071930830
Transform:
  m_ObjectHideFlags: 0
  m_CorrespondingSourceObject: {fileID: 0}
  m_PrefabInstance: {fileID: 0}
  m_PrefabAsset: {fileID: 0}
  m_GameObject: {fileID: 7880738727072286190}
  m_LocalRotation: {x: -2.8460528e-10, y: 0.00000023657569, z: 0.08895451, w: 0.9960357}
  m_LocalPosition: {x: -0.2956371, y: -0.00000015258789, z: -0.000000013113022}
  m_LocalScale: {x: 1, y: 1.0000002, z: 1.0000001}
  m_Children:
  - {fileID: 7880738727071930826}
  m_Father: {fileID: 7880738727071930834}
  m_RootOrder: 0
  m_LocalEulerAnglesHint: {x: 0, y: 0, z: 0}
--- !u!1 &7880738727072286192
GameObject:
  m_ObjectHideFlags: 0
  m_CorrespondingSourceObject: {fileID: 0}
  m_PrefabInstance: {fileID: 0}
  m_PrefabAsset: {fileID: 0}
  serializedVersion: 6
  m_Component:
  - component: {fileID: 7880738727071930832}
  m_Layer: 13
  m_Name: Bone007(mirrored)
  m_TagString: Untagged
  m_Icon: {fileID: 0}
  m_NavMeshLayer: 0
  m_StaticEditorFlags: 0
  m_IsActive: 1
--- !u!4 &7880738727071930832
Transform:
  m_ObjectHideFlags: 0
  m_CorrespondingSourceObject: {fileID: 0}
  m_PrefabInstance: {fileID: 0}
  m_PrefabAsset: {fileID: 0}
  m_GameObject: {fileID: 7880738727072286192}
  m_LocalRotation: {x: -0.4259538, y: 0.5644143, z: -0.519229, w: -0.4800012}
  m_LocalPosition: {x: -0.15994503, y: 0.0000000023841857, z: -4.2632563e-16}
  m_LocalScale: {x: 1.0000001, y: 1, z: 1}
  m_Children:
  - {fileID: 7880738727071930828}
  m_Father: {fileID: 7880738727071930844}
  m_RootOrder: 2
  m_LocalEulerAnglesHint: {x: 0, y: 0, z: 0}
--- !u!1 &7880738727072286194
GameObject:
  m_ObjectHideFlags: 0
  m_CorrespondingSourceObject: {fileID: 0}
  m_PrefabInstance: {fileID: 0}
  m_PrefabAsset: {fileID: 0}
  serializedVersion: 6
  m_Component:
  - component: {fileID: 7880738727071930834}
  m_Layer: 13
  m_Name: Bone007
  m_TagString: Untagged
  m_Icon: {fileID: 0}
  m_NavMeshLayer: 0
  m_StaticEditorFlags: 0
  m_IsActive: 1
--- !u!4 &7880738727071930834
Transform:
  m_ObjectHideFlags: 0
  m_CorrespondingSourceObject: {fileID: 0}
  m_PrefabInstance: {fileID: 0}
  m_PrefabAsset: {fileID: 0}
  m_GameObject: {fileID: 7880738727072286194}
  m_LocalRotation: {x: -0.48000103, y: -0.5192292, z: 0.564414, w: -0.42595407}
  m_LocalPosition: {x: -0.15994498, y: 0, z: -0.0000000047683715}
  m_LocalScale: {x: 1, y: 1, z: 0.99999994}
  m_Children:
  - {fileID: 7880738727071930830}
  m_Father: {fileID: 7880738727071930844}
  m_RootOrder: 1
  m_LocalEulerAnglesHint: {x: 0, y: 0, z: 0}
--- !u!1 &7880738727072286196
GameObject:
  m_ObjectHideFlags: 0
  m_CorrespondingSourceObject: {fileID: 0}
  m_PrefabInstance: {fileID: 0}
  m_PrefabAsset: {fileID: 0}
  serializedVersion: 6
  m_Component:
  - component: {fileID: 7880738727071930836}
  m_Layer: 13
  m_Name: Bone006_top
  m_TagString: Untagged
  m_Icon: {fileID: 0}
  m_NavMeshLayer: 0
  m_StaticEditorFlags: 0
  m_IsActive: 1
--- !u!4 &7880738727071930836
Transform:
  m_ObjectHideFlags: 0
  m_CorrespondingSourceObject: {fileID: 0}
  m_PrefabInstance: {fileID: 0}
  m_PrefabAsset: {fileID: 0}
  m_GameObject: {fileID: 7880738727072286196}
  m_LocalRotation: {x: 1.6965596e-15, y: -2.2204446e-16, z: 0.00000008707866, w: 1}
  m_LocalPosition: {x: -0.20552093, y: -0.000000022649765, z: 5.4681465e-10}
  m_LocalScale: {x: 1, y: 1, z: 1}
  m_Children: []
  m_Father: {fileID: 7880738727071930838}
  m_RootOrder: 0
  m_LocalEulerAnglesHint: {x: 0, y: 0, z: 0}
--- !u!1 &7880738727072286198
GameObject:
  m_ObjectHideFlags: 0
  m_CorrespondingSourceObject: {fileID: 0}
  m_PrefabInstance: {fileID: 0}
  m_PrefabAsset: {fileID: 0}
  serializedVersion: 6
  m_Component:
  - component: {fileID: 7880738727071930838}
  m_Layer: 13
  m_Name: Bone005
  m_TagString: Untagged
  m_Icon: {fileID: 0}
  m_NavMeshLayer: 0
  m_StaticEditorFlags: 0
  m_IsActive: 1
--- !u!4 &7880738727071930838
Transform:
  m_ObjectHideFlags: 0
  m_CorrespondingSourceObject: {fileID: 0}
  m_PrefabInstance: {fileID: 0}
  m_PrefabAsset: {fileID: 0}
  m_GameObject: {fileID: 7880738727072286198}
  m_LocalRotation: {x: -4.4751837e-16, y: -5.9995943e-18, z: 0.01340516, w: 0.9999102}
  m_LocalPosition: {x: -0.22167996, y: 0.00000023841858, z: 6.906475e-14}
  m_LocalScale: {x: 1.0000001, y: 1.0000001, z: 1}
  m_Children:
  - {fileID: 7880738727071930836}
  m_Father: {fileID: 7880738727071930840}
  m_RootOrder: 0
  m_LocalEulerAnglesHint: {x: 0, y: 0, z: 0}
--- !u!1 &7880738727072286200
GameObject:
  m_ObjectHideFlags: 0
  m_CorrespondingSourceObject: {fileID: 0}
  m_PrefabInstance: {fileID: 0}
  m_PrefabAsset: {fileID: 0}
  serializedVersion: 6
  m_Component:
  - component: {fileID: 7880738727071930840}
  m_Layer: 13
  m_Name: Bone004
  m_TagString: Untagged
  m_Icon: {fileID: 0}
  m_NavMeshLayer: 0
  m_StaticEditorFlags: 0
  m_IsActive: 1
--- !u!4 &7880738727071930840
Transform:
  m_ObjectHideFlags: 0
  m_CorrespondingSourceObject: {fileID: 0}
  m_PrefabInstance: {fileID: 0}
  m_PrefabAsset: {fileID: 0}
  m_GameObject: {fileID: 7880738727072286200}
  m_LocalRotation: {x: -6.246708e-11, y: -0.0000000019327842, z: -0.032302257, w: 0.99947816}
  m_LocalPosition: {x: -0.23348197, y: -0.00000018596648, z: 5.9547817e-10}
  m_LocalScale: {x: 1, y: 1, z: 1}
  m_Children:
  - {fileID: 7880738727071930838}
  m_Father: {fileID: 7880738727071930842}
  m_RootOrder: 0
  m_LocalEulerAnglesHint: {x: 0, y: 0, z: 0}
--- !u!1 &7880738727072286202
GameObject:
  m_ObjectHideFlags: 0
  m_CorrespondingSourceObject: {fileID: 0}
  m_PrefabInstance: {fileID: 0}
  m_PrefabAsset: {fileID: 0}
  serializedVersion: 6
  m_Component:
  - component: {fileID: 7880738727071930842}
  m_Layer: 13
  m_Name: Bone003
  m_TagString: Untagged
  m_Icon: {fileID: 0}
  m_NavMeshLayer: 0
  m_StaticEditorFlags: 0
  m_IsActive: 1
--- !u!4 &7880738727071930842
Transform:
  m_ObjectHideFlags: 0
  m_CorrespondingSourceObject: {fileID: 0}
  m_PrefabInstance: {fileID: 0}
  m_PrefabAsset: {fileID: 0}
  m_GameObject: {fileID: 7880738727072286202}
  m_LocalRotation: {x: -2.1303982e-15, y: -4.874089e-16, z: -0.038462847, w: 0.99926007}
  m_LocalPosition: {x: -0.15994495, y: 0.000000009536743, z: 0.0000000016277019}
  m_LocalScale: {x: 0.99999994, y: 0.99999994, z: 1}
  m_Children:
  - {fileID: 7880738727071930840}
  m_Father: {fileID: 7880738727071930844}
  m_RootOrder: 0
  m_LocalEulerAnglesHint: {x: 0, y: 0, z: 0}
--- !u!1 &7880738727072286204
GameObject:
  m_ObjectHideFlags: 0
  m_CorrespondingSourceObject: {fileID: 0}
  m_PrefabInstance: {fileID: 0}
  m_PrefabAsset: {fileID: 0}
  serializedVersion: 6
  m_Component:
  - component: {fileID: 7880738727071930844}
  m_Layer: 13
  m_Name: Bone002
  m_TagString: Untagged
  m_Icon: {fileID: 0}
  m_NavMeshLayer: 0
  m_StaticEditorFlags: 0
  m_IsActive: 1
--- !u!4 &7880738727071930844
Transform:
  m_ObjectHideFlags: 0
  m_CorrespondingSourceObject: {fileID: 0}
  m_PrefabInstance: {fileID: 0}
  m_PrefabAsset: {fileID: 0}
  m_GameObject: {fileID: 7880738727072286204}
  m_LocalRotation: {x: 5.598525e-16, y: -8.1335486e-16, z: 0.062086586, w: 0.9980708}
  m_LocalPosition: {x: -0.16185257, y: -0.00000011205673, z: -3.4783582e-10}
  m_LocalScale: {x: 1, y: 1, z: 1}
  m_Children:
  - {fileID: 7880738727071930842}
  - {fileID: 7880738727071930834}
  - {fileID: 7880738727071930832}
  m_Father: {fileID: 7880738727071930846}
  m_RootOrder: 0
  m_LocalEulerAnglesHint: {x: 0, y: 0, z: 0}
--- !u!1 &7880738727072286206
GameObject:
  m_ObjectHideFlags: 0
  m_CorrespondingSourceObject: {fileID: 0}
  m_PrefabInstance: {fileID: 0}
  m_PrefabAsset: {fileID: 0}
  serializedVersion: 6
  m_Component:
  - component: {fileID: 7880738727071930846}
  m_Layer: 13
  m_Name: Bone001
  m_TagString: Untagged
  m_Icon: {fileID: 0}
  m_NavMeshLayer: 0
  m_StaticEditorFlags: 0
  m_IsActive: 1
--- !u!4 &7880738727071930846
Transform:
  m_ObjectHideFlags: 0
  m_CorrespondingSourceObject: {fileID: 0}
  m_PrefabInstance: {fileID: 0}
  m_PrefabAsset: {fileID: 0}
  m_GameObject: {fileID: 7880738727072286206}
  m_LocalRotation: {x: 0.50610834, y: -0.4938161, z: 0.50610834, w: -0.4938161}
  m_LocalPosition: {x: -5.524772e-10, y: 0.02728241, z: -0.012639204}
  m_LocalScale: {x: 1, y: 1, z: 1}
  m_Children:
  - {fileID: 7880738727071930844}
  m_Father: {fileID: 7880738727071930818}
  m_RootOrder: 0
  m_LocalEulerAnglesHint: {x: 0, y: 0, z: 0}
--- !u!1001 &4815970225473137191
PrefabInstance:
  m_ObjectHideFlags: 0
  serializedVersion: 2
  m_Modification:
    m_TransformParent: {fileID: 7880738727071930818}
    m_Modifications:
    - target: {fileID: 2859694978836465030, guid: 7e65c06b1b4735f4585e7fb69f1bc0a6,
        type: 3}
      propertyPath: m_LocalPosition.x
      value: 0
      objectReference: {fileID: 0}
    - target: {fileID: 2859694978836465030, guid: 7e65c06b1b4735f4585e7fb69f1bc0a6,
        type: 3}
      propertyPath: m_LocalPosition.y
      value: 0
      objectReference: {fileID: 0}
    - target: {fileID: 2859694978836465030, guid: 7e65c06b1b4735f4585e7fb69f1bc0a6,
        type: 3}
      propertyPath: m_LocalPosition.z
      value: 0
      objectReference: {fileID: 0}
    - target: {fileID: 2859694978836465030, guid: 7e65c06b1b4735f4585e7fb69f1bc0a6,
        type: 3}
      propertyPath: m_LocalRotation.x
      value: -0.38268343
      objectReference: {fileID: 0}
    - target: {fileID: 2859694978836465030, guid: 7e65c06b1b4735f4585e7fb69f1bc0a6,
        type: 3}
      propertyPath: m_LocalRotation.y
      value: -0
      objectReference: {fileID: 0}
    - target: {fileID: 2859694978836465030, guid: 7e65c06b1b4735f4585e7fb69f1bc0a6,
        type: 3}
      propertyPath: m_LocalRotation.z
      value: -0
      objectReference: {fileID: 0}
    - target: {fileID: 2859694978836465030, guid: 7e65c06b1b4735f4585e7fb69f1bc0a6,
        type: 3}
      propertyPath: m_LocalRotation.w
      value: 0.92387956
      objectReference: {fileID: 0}
    - target: {fileID: 2859694978836465030, guid: 7e65c06b1b4735f4585e7fb69f1bc0a6,
        type: 3}
      propertyPath: m_RootOrder
      value: 3
      objectReference: {fileID: 0}
    - target: {fileID: 2859694978836465030, guid: 7e65c06b1b4735f4585e7fb69f1bc0a6,
        type: 3}
      propertyPath: m_LocalEulerAnglesHint.x
      value: -45
      objectReference: {fileID: 0}
    - target: {fileID: 2859694978836465030, guid: 7e65c06b1b4735f4585e7fb69f1bc0a6,
        type: 3}
      propertyPath: m_LocalEulerAnglesHint.y
      value: 0
      objectReference: {fileID: 0}
    - target: {fileID: 2859694978836465030, guid: 7e65c06b1b4735f4585e7fb69f1bc0a6,
        type: 3}
      propertyPath: m_LocalEulerAnglesHint.z
      value: 0
      objectReference: {fileID: 0}
    - target: {fileID: 2859694978836465030, guid: 7e65c06b1b4735f4585e7fb69f1bc0a6,
        type: 3}
      propertyPath: m_AnchoredPosition.x
      value: 0
      objectReference: {fileID: 0}
    - target: {fileID: 2859694978836465030, guid: 7e65c06b1b4735f4585e7fb69f1bc0a6,
        type: 3}
      propertyPath: m_AnchoredPosition.y
      value: 1.5999999
      objectReference: {fileID: 0}
    - target: {fileID: 2859694978836465030, guid: 7e65c06b1b4735f4585e7fb69f1bc0a6,
        type: 3}
      propertyPath: m_SizeDelta.x
      value: 3
      objectReference: {fileID: 0}
    - target: {fileID: 2859694978836465030, guid: 7e65c06b1b4735f4585e7fb69f1bc0a6,
        type: 3}
      propertyPath: m_SizeDelta.y
      value: 2
      objectReference: {fileID: 0}
    - target: {fileID: 2859694978836465030, guid: 7e65c06b1b4735f4585e7fb69f1bc0a6,
        type: 3}
      propertyPath: m_AnchorMin.x
      value: 0
      objectReference: {fileID: 0}
    - target: {fileID: 2859694978836465030, guid: 7e65c06b1b4735f4585e7fb69f1bc0a6,
        type: 3}
      propertyPath: m_AnchorMin.y
      value: 0
      objectReference: {fileID: 0}
    - target: {fileID: 2859694978836465030, guid: 7e65c06b1b4735f4585e7fb69f1bc0a6,
        type: 3}
      propertyPath: m_AnchorMax.x
      value: 0
      objectReference: {fileID: 0}
    - target: {fileID: 2859694978836465030, guid: 7e65c06b1b4735f4585e7fb69f1bc0a6,
        type: 3}
      propertyPath: m_AnchorMax.y
      value: 0
      objectReference: {fileID: 0}
    - target: {fileID: 2859694978836465030, guid: 7e65c06b1b4735f4585e7fb69f1bc0a6,
        type: 3}
      propertyPath: m_Pivot.x
      value: 0.5
      objectReference: {fileID: 0}
    - target: {fileID: 2859694978836465030, guid: 7e65c06b1b4735f4585e7fb69f1bc0a6,
        type: 3}
      propertyPath: m_Pivot.y
      value: 0.5
      objectReference: {fileID: 0}
    - target: {fileID: 2859694978836465030, guid: 7e65c06b1b4735f4585e7fb69f1bc0a6,
        type: 3}
      propertyPath: m_LocalScale.x
      value: 0.65875
      objectReference: {fileID: 0}
    - target: {fileID: 2859694978836465030, guid: 7e65c06b1b4735f4585e7fb69f1bc0a6,
        type: 3}
      propertyPath: m_LocalScale.y
      value: 0.65875006
      objectReference: {fileID: 0}
    - target: {fileID: 2859694978836465030, guid: 7e65c06b1b4735f4585e7fb69f1bc0a6,
        type: 3}
      propertyPath: m_LocalScale.z
      value: 0.65875006
      objectReference: {fileID: 0}
    - target: {fileID: 2859694978836465034, guid: 7e65c06b1b4735f4585e7fb69f1bc0a6,
        type: 3}
      propertyPath: m_Name
      value: HealtBar
      objectReference: {fileID: 0}
    - target: {fileID: 2859694978836465034, guid: 7e65c06b1b4735f4585e7fb69f1bc0a6,
        type: 3}
      propertyPath: m_Layer
      value: 13
      objectReference: {fileID: 0}
    - target: {fileID: 472657168512880412, guid: 7e65c06b1b4735f4585e7fb69f1bc0a6,
        type: 3}
      propertyPath: m_Sprite
      value: 
      objectReference: {fileID: 21300156, guid: 319529bbc1ecf9047898f52077eddfed,
        type: 3}
    - target: {fileID: 7572274258760974903, guid: 7e65c06b1b4735f4585e7fb69f1bc0a6,
        type: 3}
      propertyPath: spriteSelected
      value: 
      objectReference: {fileID: 21300156, guid: 319529bbc1ecf9047898f52077eddfed,
        type: 3}
    - target: {fileID: 7572274258760974903, guid: 7e65c06b1b4735f4585e7fb69f1bc0a6,
        type: 3}
      propertyPath: oldSpriteSelected
      value: 
      objectReference: {fileID: 21300156, guid: 319529bbc1ecf9047898f52077eddfed,
        type: 3}
    - target: {fileID: 2859694979447970971, guid: 7e65c06b1b4735f4585e7fb69f1bc0a6,
        type: 3}
      propertyPath: m_Layer
      value: 13
      objectReference: {fileID: 0}
    - target: {fileID: 2536666334890594185, guid: 7e65c06b1b4735f4585e7fb69f1bc0a6,
        type: 3}
      propertyPath: m_Layer
      value: 13
      objectReference: {fileID: 0}
    - target: {fileID: 2536666334890594185, guid: 7e65c06b1b4735f4585e7fb69f1bc0a6,
        type: 3}
      propertyPath: m_IsActive
      value: 0
      objectReference: {fileID: 0}
    - target: {fileID: 2859694979447970965, guid: 7e65c06b1b4735f4585e7fb69f1bc0a6,
        type: 3}
      propertyPath: m_Sprite
      value: 
      objectReference: {fileID: 21300158, guid: 319529bbc1ecf9047898f52077eddfed,
        type: 3}
    - target: {fileID: 1075252615066011697, guid: 7e65c06b1b4735f4585e7fb69f1bc0a6,
        type: 3}
      propertyPath: spriteSelected
      value: 
      objectReference: {fileID: 21300158, guid: 319529bbc1ecf9047898f52077eddfed,
        type: 3}
    - target: {fileID: 1075252615066011697, guid: 7e65c06b1b4735f4585e7fb69f1bc0a6,
        type: 3}
      propertyPath: oldSpriteSelected
      value: 
      objectReference: {fileID: 21300158, guid: 319529bbc1ecf9047898f52077eddfed,
        type: 3}
    - target: {fileID: 2859694979950265468, guid: 7e65c06b1b4735f4585e7fb69f1bc0a6,
        type: 3}
      propertyPath: m_Layer
      value: 13
      objectReference: {fileID: 0}
    - target: {fileID: 2859694979346913840, guid: 7e65c06b1b4735f4585e7fb69f1bc0a6,
        type: 3}
      propertyPath: m_Layer
      value: 13
      objectReference: {fileID: 0}
    m_RemovedComponents: []
  m_SourcePrefab: {fileID: 100100000, guid: 7e65c06b1b4735f4585e7fb69f1bc0a6, type: 3}
--- !u!1 &7312277934111928237 stripped
GameObject:
  m_CorrespondingSourceObject: {fileID: 2859694978836465034, guid: 7e65c06b1b4735f4585e7fb69f1bc0a6,
    type: 3}
  m_PrefabInstance: {fileID: 4815970225473137191}
  m_PrefabAsset: {fileID: 0}
--- !u!114 &7312277933140766296 stripped
MonoBehaviour:
  m_CorrespondingSourceObject: {fileID: 2859694979950265471, guid: 7e65c06b1b4735f4585e7fb69f1bc0a6,
    type: 3}
  m_PrefabInstance: {fileID: 4815970225473137191}
  m_PrefabAsset: {fileID: 0}
  m_GameObject: {fileID: 0}
  m_Enabled: 1
  m_EditorHideFlags: 0
  m_Script: {fileID: -765806418, guid: f5f67c52d1564df4a8936ccd202a3bd8, type: 3}
  m_Name: 
  m_EditorClassIdentifier: 
--- !u!224 &7312277934111928225 stripped
RectTransform:
  m_CorrespondingSourceObject: {fileID: 2859694978836465030, guid: 7e65c06b1b4735f4585e7fb69f1bc0a6,
    type: 3}
  m_PrefabInstance: {fileID: 4815970225473137191}
  m_PrefabAsset: {fileID: 0}
